@article{Smith2008,
  title={Tok Pisin in Papua New Guinea: Phonology},
  author={Smith, Geoffrey},
  journal={Varieties of English 3: Pacific and Australasia},
  pages={188--210},
  year={2008}
}
