% Encoding: UTF-8

@Article{KekDeChicchis2011,
  author  = {DeChicchis, Joseph},
  title   = {Revisiting an imperfection in Mayan orthography},
  journal = {Journal of Policy Studies},
  volume  = {37},
  year    = {2011},
  pages   = {1-7},
}

@Book{KekEachus1980,
  author    = {{Eachus, Francis} and {Carlson, Ruth}},
  title     = {{Aprendamos Kekchi}: Gramática Pedagógica Popular de Kekchí},
  publisher = {Instituto Linguistico de Verano},
  year      = {1980},
}

@Book{KekStewart2015,
  author    = {Stewart, Stephen O.},
  title     = {Q'eqchi' Grammar},
  publisher = {SOS Publishing},
  year      = {2015},
}

@book{KekPinkerton1976,
  address    = {Austin},
  author     = {Sandra Pinkerton},
  pages      = {v+172},
  publisher  = {Dept. of Linguistics, University of Texas at Austin},
  title      = {Studies in K'ekchi},
  year       = {1976}
}

@Comment{jabref-meta: databaseType:bibtex;}
