
@book{Alhoniemi2010,
	address = {Helinski},
	title = {Marin {Kielioppi}},
	url = {https://www.sgr.fi/apuneuvoja/apuneuvojax.pdf},
	publisher = {Suomalais-Urgrilainen Seura},
	author = {Alhoniemi, Alho},
	year = {2010}
}

@article{Bradley2017,
	title = {Transcribe.mari-{Language}.com: {Automatic} {Transcriptions} and {Transliterations} for {Ten} {Languages} of {Russia}},
	volume = {64},
	url = {www.jstor.org/stable/26453100},
	number = {3},
	journal = {Acta Linguistica Academica},
	author = {Bradley, Jeremy},
	year = {2017},
	pages = {369--382}
}

@book{Alhoniemi1993,
  address               = {Hamburg},
  author                = {Alhoniemi, Alho},
  pages                 = {253},
  publisher             = {Buske},
  title                 = {Grammatik des Tscheremissischen (Mari)},
  year                  = {1993}
}

@article{Estill2012,
	title = {Revisiting the {Meadow} {Mari} {Vocalic} {System}},
	volume = {48},
	url = {http://www.kirj.ee/public/Linguistica_Uralica/2012/issue_3/ling-2012-3-228-237.pdf},
	number = {3},
	journal = {Linguistica Uralica},
	author = {Estill, Dennis},
	year = {2012}
}

@InBook{Kangasmaa-Minn1998,
  chapter   = {Mari},
  pages     = {219-248},
  title     = {The Uralic Languages (Routledge Language Family Series)},
  publisher = {Routledge},
  year      = {1998},
  author    = {Eeva Kangasmaa-Minn},
  editor    = {Daniel Abondolo},
  isbn      = {0-415-08198-X},
  url       = {https://www.amazon.com/Uralic-Languages-Routledge-Language-Family/dp/041508198X?SubscriptionId=AKIAIOBINVZYXZQZ2U3A&tag=chimbori05-20&linkCode=xm2&camp=2025&creative=165953&creativeASIN=041508198X},
}

@Book{Campbell2012,
  title     = {Compendium of the World's Languages},
  publisher = {Routledge},
  year      = {2012},
  author    = {Campbell, George L.},
  isbn      = {0415499690},
  date      = {2012-12-20},
  ean       = {9780415499699},
  pagetotal = {1984},
  url       = {https://www.ebook.de/de/product/18929231/george_l_campbell_compendium_of_the_world_s_languages.html},
}

@book{Riese2012,
	title = {Оҥай марий йылме: {A} {Comprehensive} {Introduction} to the {Mari} {Language}},
	url = {https://www.univie.ac.at/maridict/book/book_en.html},
	publisher = {University of Vienna},
	author = {Riese, Timothy and Bradley, Jeremy and Yakimova, Emma and Krylova, Galina},
	year = {2012}
}
