% Encoding: UTF-8

@Book{Mohanan1986,
  title     = {The Theory of Lexical Phonology},
  publisher = {Springer, Dordrecht},
  year      = {1986},
  author    = {K. P. Mohanan},
}

@Article{TEMU,
  author = {Thunchath Ezhuthachan Malayalam University},
  title  = {Malayalam Phonetic Archive},
}

@Manual{Jiang2010,
  title        = {Malayalam: A Grammatical Sketch and Text},
  author       = {Haowen Jiang},
  organization = {Rice University},
  year         = {2010},
}

@Comment{jabref-meta: databaseType:bibtex;}
