% Encoding: UTF-8

@Article{RooFirchow1969,
  author  = {{Firchow, Irwin} and {Firchow, Jacqueline}},
  title   = {An Abbreviated Phoneme Inventory},
  journal = {Anthropological Linguistics},
  volume  = {11},
  year    = {1969},
  pages   = {271-276},
}

@Misc{RooFirchow1992,
  author    = {Firchow, Jacqueline},
  title     = {Rotokas Organised Phonology Data},
  publisher = {SIL International},
  year      = {1992},
}

@Misc{RooFirchow2008,
  author    = {{Firchow, Irwin B.} and {Firchow, Jacqueline}},
  title     = {Rotokas-English Dictionary},
  publisher = {SIL International},
  year      = {2008},
}

@Article{RooRobinson2006,
  author  = {Robinson, Stuart},
  title   = {The Phoneme Inventory of the Aita Dialect of Rotokas},
  journal = {Oceanic Linguistics},
  volume  = {45},
  year    = {2006},
  pages   = {206-209},
}

@Comment{jabref-meta: databaseType:bibtex;}
