
@book{tauberschmidt_grammar_1999,
	address = {Canberra},
	series = {Pacific linguistics {Ser}. {C}},
	title = {A grammar of {Sinaugoro}: an {Austronesian} language of the {Central} {Province} of {Papua} {New} {Guinea}},
	isbn = {978-0-85883-490-3},
	shorttitle = {A grammar of {Sinaugoro}},
	language = {eng},
	number = {143},
	publisher = {Research School of Pacific and Asian Studies, The Australian National University},
	author = {Tauberschmidt, Gerhard},
	year = {1999},
	note = {OCLC: 237368917}
}
