% Encoding: UTF-8

@Book{Schiffman1999,
  title     = {A Reference Grammar of Spoken Tamil},
  publisher = {Cambridge Univeersity Press},
  year      = {1999},
  author    = {Harold F. Schiffman},
}

@Article{Keane2004,
  author  = {Elinor Keane},
  title   = {Tamil},
  journal = {Journal of the International Phonetic Association},
  year    = {2004},
  volume  = {34},
}

@Book{Shulman2016,
  title     = {Tamil},
  publisher = {Harvard University Press},
  year      = {2016},
  author    = {Shulman, David},
  isbn      = {0674059921},
  date      = {2016-10-01},
  ean       = {9780674059924},
  pagetotal = {402},
  url       = {https://www.ebook.de/de/product/26135280/david_shulman_tamil.html},
}

@Misc{Crubadan,
  author       = {Kevin Scannell},
  title        = {Tamil},
  howpublished = {Published on crubadan.org},
}

@Comment{jabref-meta: databaseType:bibtex;}
