
@book{sapir_1965,
	title = {A {Grammar} of {Diola}-{Fogny}: {A} {Language} {Spoken} in the {Basse}-{Casamance} {Region} of {Senegal}},
	publisher = {Cambridge University Press},
	author = {Sapir, David J.},
	year = {1965}
}

@article{gero_1993,
	title = {The -mi and -e {Morphemes} in {Joola}-{Foñy}},
	volume = {XXIII},
	url = {https://main.journalofwestafricanlanguages.org/index.php/downloads/send/66-volume2301/317-the-mi-and-e-morphemes-in-joola-fony},
	number = {I},
	journal = {Journal of West African Languages},
	author = {Gero, Marcia L. and Levinsohn, Stephen H.},
	year = {1993},
	pages = {79--90}
}

@misc{wade_2005,
	title = {{DECRET} relatif à l’orthographe et la séparation des mots en joola},
	volume = {Journal Officiel du Senegal},
	url = {http://www.jo.gouv.sn/spip.php?article3075},
	author = {Wade, Abdoulaye and Sall, Macky},
	month = oct,
	year = {2005}
}

@book{easterday_2019,
	address = {Berlin},
	series = {Studies in {Labratory} {Phonology}},
	title = {Highly complex syllable structure: {A} typological and diachronic study},
	url = {https://langsci-press.org/catalog/book/249},
	number = {9},
	publisher = {Language Science Press},
	author = {Easterday, Shelece},
	year = {2019}
}

@Article{Sapir1975,
  author  = {Sapir, David J.},
  title   = {Big and Thin; Two Diola-Fogny Meta-Linguistic Terms},
  journal = {Language in Society},
  year    = {1975},
}

@article{Ringen1979,
  author           = {Ringen, Catherine O.},
  journal          = {Studies in African linguistics},
  number           = {3},
  pages            = {262-271},
  title            = {Vowel harmony in Igbo and Diola-Fogny},
  volume           = {10},
  year             = {1979}
}
