
@incollection{bhatt_creole_2006,
	address = {Berlin, Boston},
	title = {Creole phonology typology: {Phoneme} inventory size, vowel quality distinctions and stop consonant series},
	isbn = {978-3-11-089168-3},
	shorttitle = {Creole phonology typology},
	url = {https://www.degruyter.com/view/books/9783110891683/9783110891683.3/9783110891683.3.xml},
	urldate = {2019-09-11},
	booktitle = {The {Structure} of {Creole} {Words}},
	publisher = {DE GRUYTER},
	author = {Klein, Thomas Β.},
	editor = {Bhatt, Parth and Plag, Ingo},
	month = jan,
	year = {2006},
	doi = {10.1515/9783110891683.3}
}

@book{lefebvre_creoles_2011,
	address = {Amsterdam; Philadelphia},
	title = {Creoles, their substrates, and language typology},
	isbn = {978-90-272-0676-3 978-90-272-8743-4},
	language = {English},
	publisher = {John Benjamins Pub.},
	author = {Lefebvre, Claire},
	year = {2011},
	note = {OCLC: 669269900}
}

@inproceedings{frank_sources_2007,
	address = {University of Amsterdam},
	title = {Sources of {St}. {Lucian} {Creole} {Vocabulary}},
	author = {Frank, David B.},
	month = jun,
	year = {2007}
}

@book{crosbie_kweyol_2001,
	address = {Castries, Saint Lucia},
	edition = {1st ed},
	title = {Kweýol̀ dictionary},
	isbn = {978-976-95091-1-5},
	language = {eng cpf},
	publisher = {Ministry of Education, Government of Saint Lucia},
	editor = {Crosbie, Paul and Frank, David},
	year = {2001},
	note = {OCLC: ocm51795984},
	keywords = {Dictionaries English, English language, Creole dialects, French, Dictionaries Creole dialects, French, Saint Lucia},
	annote = {Prepared by members of SIL International during 1984-2000}
}

@book{mondesir_dictionary_1992,
	address = {Berlin ; New York},
	series = {Trends in linguistics},
	title = {Dictionary of {St}. {Lucian} {Creole}},
	isbn = {978-3-11-012625-9},
	language = {engcpf},
	number = {7},
	publisher = {Mouton de Gruyter},
	author = {Mondesir, Jones E. and Carrington, Lawrence D.},
	year = {1992},
	keywords = {Dictionaries English, English language, Creole dialects, French, Dictionaries Creole dialects, French, Saint Lucia, Languages Dictionaries},
	annote = {"Part 1, Kwéyòl-English; part 2, English-Kwéyòl."}
}
