
@inproceedings{ait_ali_2016,
	title = {Towards {Internet} {Domain} {Names} in {Tifinagh}},
	author = {Ait Ali, Abderrahman and Sedrati, Anass},
	year = {2016}
}

@phdthesis{ait_aissa_2010,
	type = {Dissertation},
	title = {The {Role} of {Phonological} {Awareness} of {Tamazight} in {Promoting} the {Oral} {Performance} of {English} {Secondary} {School} {Learners}: {The} {Case} {Study} of {Second} {Year} {Students} in the {Secondary} {School} of {Barbacha}-{Bejaia}},
	school = {University of Setif},
	author = {Ait Aissa, Mouloud},
	year = {2010}
}

@book{haddachi_2000,
	title = {Dictionnaire de {Tamazight}: parler des {Ayt} {Merghad} ({Ayt} {Yaflman})},
	publisher = {Imprimerie Beni Snassen},
	author = {Haddachi, Ahmed},
	year = {2000}
}

@misc{mezhoud_2015,
	title = {Tamazight},
	url = {http://www.sorosoro.org/en/tamazight/#},
	journal = {Sorosoro},
	author = {Mezhoud, Salem},
	year = {2015}
}

@incollection{Kossmann1997,
  address             = {Winona Lake IN},
  author              = {Kossmann, Maarten G. and Stroomer, Harry J.},
  booktitle           = {Phonologies of Asia and Africa (including the Caucasus)},
  editor              = {Kaye, Alan S. and Daniels, Peter T.},
  pages               = {461-476},
  publisher           = {Eisenbrauns},
  title               = {Berber phonology},
  volume              = {1},
  year                = {1997}
}

@Misc{Achab2001,
  author = {Achab, Karim},
  title  = {The Tamazight (Berber) Language Profile},
  month  = nov,
  year   = {2001},
}

@InProceedings{Bouladknadel2009,
  author    = {Bouladknadel, Siham},
  title     = {Amazigh ConCorde: an appropriate concordance for Amazigh},
  booktitle = {Actes du ler symposium international sur le traitement automatique de la culture amazighe, SITACAM'09},
  year      = {2009},
}

@Article{Ridouane2014,
  author    = {Rachid Ridouane},
  title     = {Tashlhiyt Berber},
  journal   = {Journal of the International Phonetic Association},
  year      = {2014},
  volume    = {44},
  number    = {2},
  pages     = {207--221},
  month     = {jul},
  doi       = {10.1017/s0025100313000388},
  publisher = {Cambridge University Press ({CUP})},
}

@Article{Coleman2001,
  author  = {Coleman, John},
  title   = {The Phonetics and Phonology of Tashlhiyt Berber Syllabic Consonants},
  journal = {Transactions of the Philological Society},
  year    = {2001},
}
