@Article{Howson2017,
  author  = {Phil Howson},
  title   = {Upper Sorbian},
  journal = {Journal of the International Phonetic Association},
  year    = {2017},
}

@Article{Brijnen1994,
  author  = {Helene Brijnen},
  title   = {On the phonology of the Sorbian dialect of Slepe},
  journal = {Studies in Slavic and General Linguistics},
  year    = {1994},
}

@Article{Iskarous2018,
  author  = {Khalil Iskarous and Darya Kavitskaya},
  title   = {Sound change and the structure of synchronic variability},
  journal = {Language},
  year    = {2018},
}

@Book{Guschmidt2014,
  title     = {The Slavic Languages},
  publisher = {Mouton de Gruyter},
  year      = {2014},
  author    = {Karl Guschmidt and Sebastian Kempgen and Tilman Berger and Peter Kosta},
}

@PhdThesis{Jocz2013,
  author = {Jocz, Lechos≈Çaw},
  title  = {Studien zum obersorbischen und kaschubischen Konsonantismus mit einer vergleichenden Analyse},
  school = {Leipzig: The Institute for Sorbian, University of Leipzig},
  year   = {2013},
}

@Book{Jentsch1980,
  title     = {Die sorbische Mundart von Rodewitz /Spree},
  publisher = {Bautzen: Domowina},
  year      = {1980},
  author    = {Jentsch, H.},
}
