
@book{mohamed_modern_2001,
	address = {Nairobi},
	title = {Modern {Swahili} grammar},
	isbn = {978-9966-46-761-4},
	language = {engswa},
	publisher = {East African Educational Publishers},
	author = {Mohamed, Mohamed Abdulla},
	year = {2001},
	keywords = {Grammar, Swahili language}
}

@phdthesis{mwaliwa_hanah_chaga_analysis_2014,
	address = {Nairobi},
	type = {Doctor of {Philosophy}},
	title = {{AN} {ANALYSIS} {OF} {THE} {SYLLABLE} {STRUCTURE} {OF} {STANDARD} {KISWAHILI} {LOANWORDS} {FROM} {MODERN} {STANDARD} {ARABIC}},
	url = {http://erepository.uonbi.ac.ke/bitstream/handle/11295/77245/Mwaliwa_An%20analysis%20of%20the%20syllable%20structure%20of%20standard%20Kiswahili%20loanwords%20from%20modern%20standard%20Arabic.pdf?sequence=3},
	school = {University of Nairobi},
	author = {Mwaliwa, Hanah Chaga},
	year = {2014}
}

@misc{noauthor_notitle_nodate,
	shorttitle = {Swahili ({Kiswahili} / كِسوَهِل)},
	url = {https://www.omniglot.com/writing/swahili.htm},
	urldate = {2018-10-23},
	journal = {Omniglot: the online encyclopedia of writing systems \& languages}
}

@book{meinhof_introduction_1962,
	title = {Introduction to the {Phonology} of the {Bantu} {Languages}},
	url = {https://books.google.com/books?id=Tm1IswEACAAJ},
	publisher = {Augustin},
	author = {Meinhof, C. and van Warmelo, N.J. and Werner, A.},
	year = {1962}
}
