@Article{crowley2004,
  author  = {Terry Crowley},
  title   = {Bislama Reference Grammar},
  journal = {Oceanic Linguistics Special Publications},
  year    = {2004},
  volume  = {31},
}

@Article{Lynch1975,
  author  = {John Lynch},
  title   = {Bislama phonology and grammar: a review article},
  journal = {Kivung},
  year    = {1975},
  volume  = {8},
  number  = {2},
  pages   = {186-204},
}
