@book{Dobson1997,
  address          = {Cuiabá: SIL},
  author           = {Rose Dobson},
  journal          = {Anthropological Linguistics},
  pages            = {153},
  publisher        = {Cuiabá: SIL: Cuiabá: Sociedade Internacional de Lingüística},
  series           = {Arquivo Lingüístico},
  title            = {Gramática Prática com Exercícios da Língua Kayabi},
  url              = {http://www.sil.org/americas/brasil/PUBLCNS/DICTGRAM/KBGram.pdf},
  volume           = {228},
  year             = {1997}
}

@mastersthesis{Souza2004,
  author = {de Oliveira Borges E Souza, Patrícia},
  school = {Universidade Estadual de Campinas},
  title  = {Estudos de aspectos de lingua kaiabi (Tupi)},
  year   = {2004}
}
