% Encoding: UTF-8

@Article{AeyRoberts1998,
  author  = {Roberts, John R.},
  title   = {Orthography Reform in Amele},
  journal = {Notes on Literacy},
  volume  = {17},
  year    = {1991},
  pages   = {1-20},
  note    = {This article was originally published in two parts; the volume and year information in this citation refer to the publication of this part. Both parts of the article were revised, combined, and republished by SIL in 1998.},
}

@Misc{AeyRoberts2016,
  author    = {Roberts, John R.},
  title     = {Amele RRG Grammatical Sketch},
  publisher = {SIL International},
  year      = {2016},
}

@Comment{jabref-meta: databaseType:bibtex;}
