@ARTICLE{Bulk_2008,
  author = {{Buk}, S. and {Ma{\v c}utek}, J. and {Rovenchak}, A.},
  title = "{Some properties of the Ukrainian writing system}",
  journal = {arXiv e-prints},
  archivePrefix = "arXiv",
  eprint = {0802.4198},
  primaryClass = "cs.CL",
  keywords = {Computer Science - Computation and Language},
  year = 2008,
  month = feb,
  adsurl = {https://ui.adsabs.harvard.edu/abs/2008arXiv0802.4198B},
  adsnote = {Provided by the SAO/NASA Astrophysics Data System}
}

@incollection{klein_86_2018,
	address = {Berlin, Boston},
	title = {86. {The} evolution of {Slavic}},
	isbn = {978-3-11-054243-1},
	url = {http://www.degruyter.com/view/books/9783110542431/9783110542431-007/9783110542431-007.xml},
	urldate = {2019-08-28},
	booktitle = {Handbook of {Comparative} and {Historical} {Indo}-{European} {Linguistics}},
	publisher = {De Gruyter},
	author = {Nichols, Johanna},
	editor = {Klein, Jared and Joseph, Brian and Fritz, Matthias},
	month = jun,
	year = {2018},
	doi = {10.1515/9783110542431-007},
	pages = {1600--1621}
}

@article{bocek_relationship_2012,
	title = {On the {Relationship} between {Gemination} and {Palatalization} in {Early} {Romance} {Loanwords} in {Common} {Slavic}},
	volume = {20},
	issn = {1543-0391},
	url = {http://muse.jhu.edu/content/crossref/journals/journal_of_slavic_linguistics/v020/20.2.bo-ek.html},
	doi = {10.1353/jsl.2012.0009},
	language = {en},
	number = {2},
	urldate = {2019-08-28},
	journal = {Journal of Slavic Linguistics},
	author = {Boček, Vít},
	year = {2012},
	pages = {151--170}
}

@incollection{stolz_human_2012,
	address = {Berlin},
	series = {Studia typologica},
	title = {The human factor of economy of effort cross-linguistically: a contrastive analysis of the phonotactic distribution of consonants in {Belarusian} and {French} monosyllabic words},
	isbn = {978-3-05-005925-9 978-3-05-006035-4},
	language = {eng},
	number = {12},
	booktitle = {Monosyllables: from phonology to typology},
	publisher = {Akad.-Verl},
	author = {Dreer, Igor},
	editor = {Stolz, Thomas and Nau, Nicole and Stroh, Cornelia},
	year = {2012},
	note = {OCLC: 821213455},
	file = {Table of Contents PDF:files/123/Stolz - 2012 - Monosyllables from phonology to typology.pdf:application/pdf}
}
