% Encoding: UTF-8

@Book{GnGregores1967,
  author    = {{Gregores, Emma} and {Suárez, Jorge A.}},
  title     = {A description of colloquial Guaraní},
  publisher = {Mouton & Co.},
  year      = {1967},
}

@Misc{GnOrthography,
  title     = {Guarani Renda},
  author    = {{Fernández, Manuel Fabio} and {Palacios, Carlos Amadeo Garayo}},
  url       = {http://www.datamex.com.py/guarani/index.html},
  accessed  = {2019-02-18},
}

@Misc{GnPhonemesUCB,
  title     = {Paraguayan Guarani Phoneme Inventory},
  url       = {http://linguistics.berkeley.edu/~saphon/en/inv/GuaraniP.html},
  accessed  = {2019-02-18},
}

@Article{GnWalker1999,
  author  = {Walker, Rachel},
  title   = {{Guaraní Voiceless Stops in Oral versus Nasal Contexts}: An Acoustical Study},
  journal = {Journal of the International Phonetic Association},
  year    = {1999},
  volume  = {29},
  pages   = {63-94},
}

@Comment{jabref-meta: databaseType:bibtex;}
