
@incollection{meinihof_zulu_1932,
	address = {London},
	title = {Zulu},
	booktitle = {Introduction to the {Phonology} of the {Bantu} {Languages}},
	publisher = {Williams and Norgate},
	author = {Meinihof, Carl},
	year = {1932}
}

@article{grout_essay_1852,
	title = {An {Essay} on the {Phonology} and {Orthography} of the {Zulu} and {Kindred} {Dialects} in {Southern} {Africa}},
	volume = {3},
	journal = {Journal of the American Oriental Society},
	author = {Grout, Lewis},
	month = oct,
	year = {1852},
	pages = {421+423--468}
}

@book{doke_textbook_1931,
	edition = {2},
	title = {Textbook of {Zulu} {Grammar}},
	publisher = {Longmans, Green \& Co.},
	author = {Doke, Clement M.},
	year = {1931}
}

@phdthesis{cope_zulu_1966,
	address = {Durban},
	title = {Zulu {Phonology}, {Tonology} and {Tonal} {Grammar}},
	url = {file://files.brown.edu/research/CLPS_CohenPriva_Lab/XPF/Scans/pdfs/zu_Zulu/Cope_Anthony_Trevor_1966.pdf},
	school = {University of Natal},
	author = {Cope, Anthony Trevor},
	year = {1966}
}

@misc{noauthor_zulu_nodate,
	title = {Zulu terms with {IPA} pronunciation},
	url = {https://en.wiktionary.org/wiki/Category:Zulu_terms_with_IPA_pronunciation},
	journal = {Wiktionary}
}