% Encoding: UTF-8

@Article{AbCatford1977,
  author  = {Catford, J. C.},
  title   = {{Mountain of Tongues}: The Languages of the Caucasus},
  journal = {Annual Review of Anthropology},
  volume  = {6},
  year    = {1977},
  pages   = {283-314},
}

@Book{AbChirikba1996,
  editor    = {Chirikba, Viacheslav A.},
  title     = {A Dictionary of Common Abkhaz},
  year      = {1996},
}

@Book{AbChirikba2003,
  editor    = {Chirikba, Viacheslav A.},
  title     = {Abkhaz},
  publisher = {Lincom Europa},
  year      = {2003},
}

@Book{AbHewitt1979,
  editor    = {Hewitt, B. G.},
  title     = {Abkhaz},
  publisher = {North-Holland Publishing Company},
  year      = {1979},
}

@Book{AbKoryakov2002,
  editor    = {Koryakov, Yuri B.},
  title     = {Atlas of Caucasian Languages},
  publisher = {Institute of Linguistics, Russian Academy of Sciences},
  year      = {2002},
}

@Comment{jabref-meta: databaseType:bibtex;}
