% Encoding: UTF-8

@Book{KnAndronov1969,
  author     = {Andronov, M. S.},
  title      = {The Kannada Language},
  translator = {Korotky, V.},
  publisher  = {Nauka Publishing House},
  year       = {1969},
}

@Book{KnKrishnamurti2003,
  author    = {Krishnamurti, Bhadriraju},
  title     = {The Dravidian Languages},
  publisher = {Cambridge University Press},
  year      = {2003},
}

@Book{KnSchiffman1983,
  author    = {Schiffman, Harold F.},
  title     = {A Reference Grammar of Spoken Kannada},
  publisher = {University of Washington Press},
  year      = {1983},
}

@Book{KnSridhar1990,
  author    = {Sridhar, S. N.},
  title     = {Kannada},
  publisher = {Routledge},
  year      = {1990},
}

@Comment{jabref-meta: databaseType:bibtex;}
