% Encoding: UTF-8

@Book{UgHahn1991,
  author    = {Hahn, Reinhard F.},
  title     = {Spoken Uyghur},
  publisher = {University of Washington Press},
  year      = {1991},
}

@Misc{UgJanbaz2006,
  author    = {{Janbaz, Waris Abdukerim}, {Saleh, Imad}, and {Duval, Jean Rahman}},
  title     = {An Introduction to Latin-Script Uyghur},
  year      = {2006},
}

@Book{UgMemtimin2016,
  author    = {Memtimin, Aminem},
  title     = {Language Contact in Modern Uyghur},
  publisher = {Harrassowitz Verlag},
  year      = {2016},
}

@Comment{jabref-meta: databaseType:bibtex;}
