
@unpublished{aeschliman_nobonob_1992,
	title = {Nobonob {Organised} {Phonology} {Data}},
	author = {Aeschliman, Ulys},
	month = dec,
	year = {1992}
}

@book{reesink_structures_1987,
	address = {Amsterdam ; Philadelphia},
	series = {Studies in language companion series ({SLCS})},
	title = {Structures and their functions in {Usan}: a {Papuan} language of {Papua} {New} {Guinea}},
	isbn = {978-90-272-3012-6},
	shorttitle = {Structures and their functions in {Usan}},
	number = {v. 13},
	publisher = {J. Benjamins Pub. Co},
	author = {Reesink, Ger P.},
	year = {1987},
	keywords = {Grammar, Usan language},
	annote = {Originally presented as the author's thesis (doctoral--University of Amsterdam)}
}
