% Encoding: UTF-8

@InCollection{AmnMinch1992,
  author    = {Minch, Andy},
  title     = {Amanab Grammar Essentials},
  booktitle = {Namia and Amanab Grammar Essentials},
  publisher = {Summer Institute of Linguistics},
  year      = {1992},
  editor    = {Roberts, John R.},
  pages     = {99-173},
}

@Book{AmnPalmer2017,
  author    = {Palmer, Bill},
  title     = {{The Languages and Linguistics of the New Guinea Area}: A Comprehensive Guide},
  publisher = {De Gruyter Mouton},
  year      = {2017},
}

@Misc{AmnSIL2001,
  title     = {Organised Phonology Data: Amanab Language},
  publisher = {SIL International},
  year      = {2001},
  url       = {https://www.sil.org/resources/archives/42411},
}

@Comment{jabref-meta: databaseType:bibtex;}
