
@book{montgomery-anderson_reference_2008,
	title = {A {Reference} {Grammar} of {Oklahoma} {Cherokee}},
	url = {https://kuscholarworks.ku.edu/bitstream/handle/1808/4212/umi-ku-2613_1.pdf},
	publisher = {University of Kansas},
	author = {Montgomery-Anderson, Brad},
	year = {2008}
}

@article{lizette_cherokee_nodate,
	title = {The {Cherokee} {Nation} and its {Language}},
	url = {http://carla.umn.edu/conferences/past/immersion2008/documents/Peter_L_CherokeeNation.pdf},
	journal = {University of Minnesota},
	author = {Lizette, Peter}
}

@article{cushman_cherokee_2011,
	title = {The {Cherokee} {Syllabary}: {A} {Writing} {System} {In} {Its} {Own} {Right}},
	url = {https://journals.sagepub.com/doi/pdf/10.1177/0741088311410172},
	journal = {SAGE Publications},
	author = {Cushman, Ellen},
	year = {2011}
}