% Encoding: UTF-8

@PHDThesis{FfMukoshy1984,
  author    = {Mukoshy, Ibrahim Ahmad},
  title     = {{The Sounds and Morphemes of Fulfulde}: An examination of Fulfulde phonology and morphology},
  school    = {University of Khartoum},
  year      = {1984},
}

@Book{FfPelletier1981,
  author    = {{Pelletier, Corinne A.} and {Skinner, A. Neil}},
  title     = {{Adamawa Fulfulde}: an introductory course},
  publisher = {University of Wisconsin, Madison},
  year      = {1981},
}

@Comment{jabref-meta: databaseType:bibtex;}
