
@unpublished{leckie_bunama_1976,
	address = {Summer Institute of Linguistics},
	title = {Bunama {Phonemics}},
	author = {Leckie, Isabel and Hughes, Ngaire},
	month = sep,
	year = {1976}
}

@unpublished{lithgow_bunama-english_1980,
	address = {Summer Institute of Linguistics},
	title = {Bunama-{English} dictionary, {English}-{Bunama} dictionary},
	author = {Lithgow, Daphne},
	year = {1980}
}
