% Encoding: UTF-8

@InCollection{CbiFloyd2014,
  author    = {Floyd, Simeon},
  title     = {Four Types of Reduplication in the Cha’palaa Language of Ecuador},
  booktitle = {Reduplication in Indigenous Languages of South America},
  publisher = {Brill},
  year      = {2014},
  editor    = {{Gómez, Gale Goodwin} and {van der Voort, Hein}},
  pages     = {77-113},
}

@InCollection{CbiLindskoog1962,
  author    = {{Lindskoog, John N.} and {Brend, Ruth M.}},
  title     = {Cayapa Phonemics},
  booktitle = {Studies in Ecuadorian Indian Languages: I},
  publisher = {Summer Institute of Linguistics},
  year      = {1962},
  editor    = {Elson, Benjamin},
  pages     = {31-44},
}

@Book{CbiTapuyo2009,
  author    = {Tapuyo Pianchiche, Víctor},
  title     = {Cha'palaachi dape pilla: Diccionario de la lengua Chachi.},
  publisher = {Ministerio de Education, Ecuador},
  year      = {2009},
}

@Comment{jabref-meta: databaseType:bibtex;}
