@article{Ahmad2014,
author = {Ahmad, Shehu},
year = {2014},
month = {01},
pages = {169-186},
title = {STRESS PLACEMENT RULES IN FULFULDE: A REVIEW}
}

@PhdThesis{McIntosh1982,
  author = {Mary Hollis McIntosh},
  title  = {Aspects of Fulfulde Syntax and Morphology},
  school = {University of London},
  year   = {1982},
}
