
@article{Petzell2002,
  author              = {Petzell, Malin},
  journal             = {Africa & Asia: Göteborg working papers on Asian and African languages},
  pages               = {88-110},
  title               = {A Sketch of Kimwani, a minority language of Mozambique},
  url                 = {http://www.african.gu.se/aa},
  volume              = {2},
  year                = {2002}
}

@book{Floor2010,
  address    = {Cabo Delgado, Mozambique},
  author     = {Floor, Sebastian},
  pages      = {74},
  publisher  = {SIL Mozambique},
  title      = {Mwani grammatical sketch},
  year       = {2010}
}


@Book{Abudo2010,
  title     = {Vocabulário de Kimwami},
  publisher = {SIL Moçambique},
  year      = {2010},
  author    = {Faque Abudo and Maria Aquimo João and Sousa Bacar and Cavanto Buana and António Francisco de Sousa},
}


@Book{SILTrans,
  title     = {Namuna ya kufifunda kufyoma na kwandika (Manual de transição, língua Kimwani)},
  publisher = {SIL \& JUWA},
  year      = {2002},
}

@article{NgungaFaquir2012,
	title = {Padronização da Ortografia de Línguas Moçambicanas: Relatório do III Seminário},
	author = {Ngungo, Armindo and Faquir, Osvaldo G.},
	year = {2012},
	pages = {17--34}
}

@Book{Nurse1993,
  title     = {Swahili and Sabaki: A Linguistic History},
  publisher = {University of California Press},
  year      = {1993},
  author    = {Derek Nurse and Thomas J. Hinnebusch and Gérard Philipson},
  editor    = {Thomas J. Hinnebusch and Gérard Philipson},
}
