
@book{Hebert1997,
	address = {Richmond},
	edition = {[Reprint der Ausg.] Bloomington 1963},
	series = {The {Uralic} and {Altaic} series},
	title = {Kirghiz manual},
	publisher = {Curzon},
	author = {Raymond J. Herbert and Nicholas Poppe and Denis Sinor},
	year = {1997}
}

@incollection{johanson_kirghiz_2006,
	address = {London},
	edition = {Repr},
	series = {Routledge language family descriptions},
	title = {Kirghiz},
	isbn = {978-0-415-41261-2},
	language = {eng},
	booktitle = {The {Turkic} languages},
	publisher = {Routledge},
	author = {Kirchner, Mark},
	editor = {Johanson, Lars and Csató, Éva Á.},
	year = {2006},
	note = {OCLC: 255511794},
	pages = {344 -- 356},
	annote = {Literaturangaben}
}

@incollection{brown_kirghiz_2009,
	address = {Amsterdam},
	edition = {1. ed},
	title = {Kirghiz},
	isbn = {978-0-08-087774-7},
	language = {eng},
	booktitle = {Concise encyclopedia of languages of the world},
	publisher = {Elsevier},
	author = {Johanson, L.},
	editor = {Brown, Keith and Ogilvie, Sarah},
	year = {2009},
	note = {OCLC: 316122352},
	pages = {610--613},
	file = {Table of Contents PDF:files/138/Brown - 2009 - Concise encyclopedia of languages of the world.pdf:application/pdf}
}
