@Misc{SIL,
  title        = {Mekeo Organised Phonology Data},
  howpublished = {SIL},
  year         = {1995},
  note         = {Checked by Chung},
}

@Misc{Chung2009,
  author       = {Chung, Je-Soon},
  title        = {Orthography paper for Mekeo language in Central Province of Papua New Guinea},
  howpublished = {SIL},
  year         = {2009},
}
