% Encoding: UTF-8

@PHDThesis{ShpEliasUlloa2006,
  author       = {Elias Ulloa, Jose A.},
  title        = {{Theoretical Aspects of Panoan Metrical Phonology}: Disyllabic Footing and Contextual Syllable Weight},
  school       = {Rutgers University},
  year         = {2006},
}

@Article{ShpValenzuelaEtAl2001,
  author  = {{Valenzuela, Pilar M.}, {Márquez Pinedo, Luis}, and {Maddieson, Ian}},
  title   = {Illustrations of the IPA: Shipibo},
  journal = {Journal of the International Phonetic Association},
  volume  = {31},
  year    = {2001},
  pages   = {281-285},
}

@PHDThesis{ShpValenzuela2003,
  author       = {Valenzuela, Pilar M.},
  title        = {Transitivity in Shipibo-Konibo Grammar},
  school       = {University of Oregon},
  year         = {2003},
}

@Book{ShpWise1993,
  editor    = {Wise, Mary Ruth},
  title     = {Diccionario Shipibo-Castellano},
  publisher = {Instituto Lingüístico de Verano},
  year      = {1993},
}

@Comment{jabref-meta: databaseType:bibtex;}
