@Article{Zuraw2014,
  author    = {Kie Zuraw and Kristine M. Yu and Robyn Orfitelli},
  title     = {The word-level prosody of Samoan},
  journal   = {Phonology},
  year      = {2014},
  volume    = {31},
  number    = {2},
  pages     = {271--327},
  month     = {aug},
  doi       = {10.1017/s095267571400013x},
  publisher = {Cambridge University Press ({CUP})},
}

@Unpublished{Alderete2012,
  author = {John Alderete and Mark Bradshaw},
  title  = {Samoan Grammar Synopsis},
  year   = {2012},
}

@Article{Kernan1974,
  author  = {Keith T. Kernan},
  title   = {The Acquisition of Formal and Colloquial Styles of Speech by Samoan Children},
  journal = {Anthropoligical Linguistics},
  year    = {1974},
}
