@phdthesis{dissassa1980some,
  title={Some aspects of Oromo phonology},
  author={Dissassa, Melaku},
  year={1980},
  school={Kansas State University}
}

@phdthesis{degeneh2015development,
  title={The development of Oromo writing system},
  author={Degeneh Bijiga, Teferi},
  year={2015},
  school={University of Kent,}
}

@book{ali1990handbook,
  title={Handbook of the Oromo language},
  author={Ali, Mohammed and Zaborski, Andrzej},
  volume={30},
  year={1990},
  publisher={F. Steiner}
}