% Encoding: UTF-8

@InCollection{UzBoeschoten1998,
  author    = {Boeschoten, Hendrik},
  title     = {Uzbek},
  booktitle = {The Turkic Languages},
  publisher = {Routledge},
  year      = {1998},
  editor    = {{Johanson, Lars} and {Csató, Éva Á.}},
  pages     = {357-378},
}

@Book{UzIsmatulla1992,
  author    = {Ismatulla, Khayrulla, and Clark, Larry},
  title     = {Uzbek Language Competencies for Peace Corps Volunteers in Uzbekistan},
  publisher = {Peace Corps of the United States},
  year      = {1992},
}

@Book{UzSjoberg1963,
  author    = {Sjoberg, Andrée F.},
  title     = {Uzbek Structural Grammar},
  publisher = {Indiana University Publications},
  year      = {1963},
}

@Book{UzWaterson1980,
  compiler  = {Waterson, Natalie},
  title     = {Uzbek-English Dictionary},
  publisher = {Oxford University Press},
  year      = {1980},
}

@Comment{jabref-meta: databaseType:bibtex;}
