% Encoding: UTF-8

@Article{Ohala1999,
  author  = {Manjari Ohala},
  title   = {Hindi},
  journal = {Illustrations of the IPA},
  year    = {1999},
}

@Book{Masica1991,
  title     = {The Indo-Aryan Languages},
  publisher = {Cambridge University Press},
  year      = {1991},
  author    = {Colin P. Masica},
  editor    = {B. Comrie, C. J. Fillmore, R. Lass, D. Lightfoot, J. lyons, P. H. Matthews, R. Posner, S. Romaine, N. V. Smith, N. Vincent},
}

@Article{Narasimhan2004,
  author  = {Bhuvana Narasimhan, Richard Sproat, George Kiraz},
  title   = {Schwa-Deletion in Hindi Text-to-Speech Synthesis},
  journal = {International Jounral of Speech Technology},
  year    = {2004},
  volume  = {7},
  pages   = {319,-344},
}

@Book{Ohala1983,
  title     = {Aspects of Hindi Phonology},
  publisher = {Motilal Banarsidass Publishers Pvt. Ltd},
  year      = {1983},
  author    = {Manjari Ohala},
  isbn      = {0895816709},
  url       = {https://www.amazon.com/Aspects-Hindi-Phonology-MANJARI-OHALA/dp/0895816709?SubscriptionId=AKIAIOBINVZYXZQZ2U3A&tag=chimbori05-20&linkCode=xm2&camp=2025&creative=165953&creativeASIN=0895816709},
}

@Book{Shapiro2014,
  title     = {A Primer of Modern Standard Hindi},
  publisher = {Motilal Banarsidass},
  year      = {2014},
  author    = {Michael C Shapiro},
  isbn      = {8120805089},
  url       = {https://www.amazon.com/Primer-Modern-Standard-Hindi/dp/8120805089?SubscriptionId=AKIAIOBINVZYXZQZ2U3A&tag=chimbori05-20&linkCode=xm2&camp=2025&creative=165953&creativeASIN=8120805089},
}

@Book{Koul2008,
  title     = {Modern Hindi Grammar (Hindi Edition)},
  publisher = {Dunwoody Press},
  year      = {2008},
  author    = {Omkar N. Koul},
  isbn      = {9781931546065},
  url       = {https://www.amazon.com/Modern-Hindi-Grammar-Omkar-Koul/dp/1931546061?SubscriptionId=AKIAIOBINVZYXZQZ2U3A&tag=chimbori05-20&linkCode=xm2&camp=2025&creative=165953&creativeASIN=1931546061},
}

@Book{Kellogg2008,
  title     = {A Grammar Of The Hindi Language: In Which Are Treated The Standard Hindi, Braj, And The Eastern Hindi Of The Ramayan Of Tulsi Das (1876)},
  publisher = {Kessinger Publishing, LLC},
  year      = {2008},
  author    = {Samuel Henry Kellogg},
  isbn      = {1436729599},
}


@Book{Kachru2006,
  title     = {Hindi},
  publisher = {John Benjamins Publishing Company},
  year      = {2006},
  author    = {Yamuna Kachru},
}

@Book{Language2007,
  title     = {Hindi: A Complete Course for Beginners (Book \& 6 Audio CDs)},
  publisher = {Living Language},
  year      = {2007},
  author    = {Living Language},
  isbn      = {9781400023455},
  url       = {https://www.amazon.com/Hindi-Complete-Course-Beginners-Audio/dp/1400023459?SubscriptionId=AKIAIOBINVZYXZQZ2U3A&tag=chimbori05-20&linkCode=xm2&camp=2025&creative=165953&creativeASIN=1400023459},
}

@Book{Agnihotri2007,
  title     = {Hindi: An Essential Grammar},
  publisher = {Taylor \& Francis Ltd},
  year      = {2007},
  author    = {Rama Kant Agnihotri},
}

@inproceedings{Mishra2011ACP,
  title={A Comparative Phonological Study of the Dialects of Hindi},
  author={Diwakar Mishra and Kalika Bali},
  booktitle={ICPhS},
  year={2011}
}

@InProceedings{Lehal2010,
  author    = {Gurpreet Singh Lehal and Tejinder Singh Saini},
  title     = {A Hindi to Urdu Transliteration System},
  booktitle = {Proceedings of ICON-2010: 8th International Conference on Natural Language Processing},
  year      = {2010},
}

@Comment{jabref-meta: databaseType:bibtex;}
