@book{hannahs_2014, place={Oxford}, title={The phonology of Welsh}, publisher={Oxford University Press}, author={Hannahs, S. J.}, year={2014}}

@book{ball_1984, place={Cardiff}, title={Welsh phonology}, publisher={Univ. of Wales Pr.}, author={Ball, Martin J.}, year={1984}}

@misc{welsh alphabet, title={Welsh Alphabet and Pronunciation}, url={http://mylanguages.org/welsh_alphabet.php}, journal={Welsh Alphabet}, publisher={MyLanguages.org}, urldate= {2018-10-1}} 

@misc{simon ager, title={Welsh (Cymraeg)}, url={http://www.omniglot.com/writing/welsh.htm}, journal={Omniglot}, publisher={Kualo}, author={Simon Ager}, urldate= {2018-10-1}}
