
@article{tang_cross-linguistic_2007,
	title = {Cross-{Linguistic} {Analysis} of {Vietnamese} and {English} with {Implications} for {Vietnamese} {Language} {Acquisition} and {Maintenance} in the {United} {States}},
	volume = {2},
	url = {https://docs.lib.purdue.edu/jsaaea/vol2/iss1/3/},
	journal = {Journal of Southeast Asian American Education and Advancement},
	author = {Tang, Giang},
	year = {2007}
}

@article{haudricort_origin_2010,
	title = {The origin of the peculiarities of the {Vietnamese} alphabet},
	volume = {39},
	url = {https://halshs.archives-ouvertes.fr/halshs-00918824v2},
	journal = {Mon-Khmer Studies},
	author = {Haudricort, André-Georges},
	year = {2010},
	pages = {89--104}
}

@article{kirby_vietnamese_2011,
	title = {Vietnamese ({Hanoi} {Vietnamese})},
	volume = {41},
	url = {https://doi.org/10.1017/S0025100311000181},
	number = {3},
	journal = {Journal of the International Phonetic Association},
	author = {Kirby, James P.},
	year = {2011}
}

@article{michaud_strata_2015,
	title = {Strata of standardization: the {Phong} {Nha} dialect of {Vietnamese} ({Quảng} {Bình} {Province}) in historical perspective},
	volume = {38},
	url = {https://halshs.archives-ouvertes.fr/halshs-01141389},
	number = {1},
	journal = {Linguistics of the Tibeto-Burman Area, Dept. of Linguistics, University of California},
	author = {Michaud, Alexis and Ferlus, Michel and Nguyễn, Minh-Châu},
	year = {2015},
	pages = {124--162}
}

@phdthesis{emerich_vietnamese_2012,
	title = {The {Vietnamese} {Vowel} {System}},
	url = {http://repository.upenn.edu/edissertations/632},
	school = {University of Pennsylvania},
	author = {Emerich, Giang Huong},
	year = {2012}
}