
@unpublished{scorza_au_1992,
	title = {Au {Organised} {Phonology} {Data}},
	author = {Scorza, David P.},
	month = mar,
	year = {1992}
}


@unpublished{scorza_phonemes_1971,
	title = {Phonemes of the {Au} language},
	author = {Scorza, David P.},
	year = {1971}
}
