@Book{Shaver1996,
  title     = {Diccionario nomatsiguenga - castellano castellano-nomatsiguenga},
  publisher = {Ministerio de Educaión and Institutio Lingüístico de Verano},
  year      = {1996},
  author    = {Shaver, Harold},
  volume    = {41},
  series    = {Serie Lingüística Peruana},
  address   = {Pucallpa},
  edition   = {1},
}

@Article{Chen2019,
  author  = {Chen, Eric},
  title   = {Phonological Reconstruction of Proto-Kampa Consonants},
  journal = {Berkeley Papers in Formal Linguistics},
  year    = {2019},
  volume  = {2},
  number  = {1},
  pages   = {57},
}

@MastersThesis{Lawrence2013,
  author = {Lawrence, Aimee Lynn},
  title  = {Inflectional Verbal Morphology in Nomatsigenga},
  school = {The University of Texas At Austin},
  year   = {2013},
  month  = may,
}
