% Encoding: UTF-8

@Article{TtBaitchura1975,
  author    = {Baitchura, Uzbek},
  title     = {The Sound Structure of the Turkic Languages in Connection with That of the Finno-Ugric Ones: (An instrumental-phonetic and phonologic investigation): Part II: {The Turkic Consonantism}},
  journal   = {Central Asiatic Journal},
  year      = {1975},
  number    = {4},
  pages     = {241-263},
}

@InCollection{TtBerta1998,
  author    = {Berta, Árpád},
  title     = {Tatar and Bashkir},
  booktitle = {The Turkic Languages},
  publisher = {Routledge},
  year      = {1998},
  editor    = {{Johanson, Lars} and {Csató, Éva Á.}},
  pages     = {283-300},
  address   = {270 Madison Ave, New York, NY},
}

@InCollection{TtComrie1997,
  author    = {Comrie, Bernard},
  title     = {Tatar (Volga Tatar, Kazan Tatar) Phonology},
  booktitle = {Phonologies of Asia and Africa},
  publisher = {Eisenbrauns},
  year      = {1997},
  editor    = {{Daniels, Peter T.} and {Kaye, Alan S.}},
  pages     = {899-911},
  address   = {Winona Lake, IN},
}

@InCollection{TtPoppe1963,
  author    = {Poppe, Nicholas},
  title     = {1. Phonology},
  booktitle = {{Tatar Manual}: Descriptive Grammar and Texts with a Tatar-English Glossary},
  publisher = {Indiana University Publication},
  year      = {1963},
  pages     = {8-28},
  address   = {Bloomington, IN},
}

@Misc{TtOmniglot,
  title     = {Omniglot - Tatar},
  url       = {http://omniglot.com/writing/tatar.htm},
  urldate   = {2018-10-11},
}

@InBook{Wertheim2012,
  chapter   = {Reclamation, revalorization, and re-Tatarization via changing Tatar orthographies},
  pages     = {65-102},
  title     = {Orthography as Social Action},
  publisher = {de Gruyter Mouton},
  year      = {2012},
  author    = {Suzanne Wertheim},
  editor    = {Alexandra Jaffe and Jannis Androutsopoulos and Mark Sebba and Sally Johnson},
}

@Comment{jabref-meta: databaseType:bibtex;}
