% Encoding: UTF-8

@Article{JIPA2009,
  author  = {Rajesh Khatiwada},
  title   = {Nepali},
  journal = {Journal of the International Phonetic Association},
  year    = {2009},
  volume  = {39},
  number  = {3},
}

@Comment{jabref-meta: databaseType:bibtex;}
