% Encoding: UTF-8

@Book{Chandralal2010,
  title     = {Sinhala},
  publisher = {John Benjamins Publishing Company},
  year      = {2010},
  author    = {Dileep Chandralal},
}

@Book{Gair1998,
  title     = {Studies in South Asian Linguistics: Sinhala and Other South Asian Languages},
  publisher = {Oxford University Press},
  year      = {1998},
  author    = {James W. Gair},
  editor    = {Barbara C. Lust},
}

@Misc{LOC2011,
  author = {Library of Congress},
  title  = {Sinhalese romanization table},
  year   = {2011},
}

@Book{Disanayaka1991,
  title     = {The Structure of Spoken Sinhala, Volume One: Sounds and Their Patterns},
  publisher = {National Institute of Education, Maharagama, Sri Lanka},
  year      = {1991},
  author    = {J. B. Disanayaka},
}

@Comment{jabref-meta: databaseType:bibtex;}
