
@book{Friedman2001,
  address               = {MÃ¼nchen},
  author                = {Victor A. Friedman},
  booktitle             = {Languages of the World/Materials 117},
  pages                 = {60},
  publisher             = {Lincom},
  series                = {Languages of the World/Materials},
  title                 = {Macedonian},
  volume                = {117},
  year                  = {2001}
}

@incollection{Kramer2011,
	location = {Madison, Wisconsin, {USA}},
	edition = {3rd},
	title = {Macedonian Pronuncian and the Macedonian Alphabet},
	url = {https://books.google.com/books?id=CA1LGRIOD6UC&pg=PA4&lpg=PA4&dq=macedonian+%D0%89&source=bl&ots=cdxnOcCBft&sig=ACfU3U1DBlnsxjfUj5t5m9LhowrSbXQ5Cw&hl=en&sa=X&ved=2ahUKEwiQ_uzW2fHkAhUOZN8KHYhpAmkQ6AEwDXoECAoQAQ#v=onepage&q=macedonian%20%D0%89&f=false},
	pages = {1--8},
	booktitle = {Macedonian: A Course for Beginning and Intermediate Students},
	publisher = {The University of Wisconsin Press},
	author = {Kramer, Christina E. and Mitkovska, Liljana},
	date = {2011}
}
