% Encoding: UTF-8

@Article{JIPA2016,
  author  = {Peri Bhaskararao, Arpita Ray},
  title   = {Telugu},
  journal = {Illustrations of the IPA},
  year    = {2016},
  volume  = {47},
  number  = {2},
  month   = jul,
}

@PhdThesis{Jagganath1981,
  author = {Jagganath},
  title  = {Telugu loanword phonology},
  school = {The University of Arizona},
  year   = {1981},
}

@Book{Krishnamurti1985,
  title     = {A Grammar of Modern Telugu},
  publisher = {Oxford University Press},
  year      = {1985},
  author    = {BH. Krishnamurti, J.P.L. Gwynn},
}

@Book{Daniels1996,
  title     = {The World's Writing Systems},
  publisher = {Oxford University Press},
  year      = {1996},
  author    = {Peter T. Daniels, William Bright},
  isbn      = {0195079930},
  date      = {1996-06-01},
  ean       = {9780195079937},
  pagetotal = {966},
  url       = {https://www.ebook.de/de/product/3237584/peter_t_daniels_william_bright_the_world_s_writing_systems.html},
}

@Misc{NBGP2019,
  author = {Neo-Brahmi Generation Panel},
  title  = {Proposal for a Telugu Script Root Zone Label Generation Ruleset (LGR)},
  month  = mar,
  year   = {2019},
}

@Comment{jabref-meta: databaseType:bibtex;}
