@incollection{Matti1991,
  address    = {Ujung Pandang},
  author     = {Matti, David F.},
  booktitle  = {Sulawesi phonologies},
  editor     = {Rene van den Berg},
  journal    = {Workpapers in Indonesian Languages and Cultures},
  pages      = {53-97},
  publisher  = {Summer Institute of Linguistics},
  series     = {Workpapers in Indonesian Languages and Cultures},
  title      = {Phonology of Mamasa},
  volume     = {12},
  year       = {1991}
}
