@Misc{1981,
  title        = {Organised Phonology Data Komba Language},
  howpublished = {SIL},
  year         = {1981},
  note         = {Data checked by Neville Southwell},
}

@Misc{Southwell1972,
  author       = {Neville Southwell and Gwyneth Southwell},
  title        = {Phonemes and Orthography of Komba},
  howpublished = {SIL},
  year         = {1972},
}
