
@incollection{BentonP1971,
	address = {Honolulu},
	title = {Phonology},
	url = {https://www.jstor.org/stable/j.ctv9hvs53.5},
	booktitle = {Pangasinan {Reference} {Grammar}},
	publisher = {University of Hawai'i Press},
	author = {Benton, Richard A.},
	year = {1971},
	pages = {1--37}
}

@incollection{BentonO1971,
	address = {Honolulu},
	title = {Orthography and {Phonology}},
	url = {www.jstor.org/stable/j.ctv9hvspb.6.},
	booktitle = {Spoken {Pangasinan}},
	publisher = {University of Hawai'i Press},
	author = {Benton, Richard A.},
	year = {1971},
	pages = {7--12}
}

@article{Rosario,
	title = {The {Vowel} {Space} of {Pangasinan}},
	volume = {3},
	journal = {Frontiers of Language and Teaching},
	author = {Rosario Jr., Francisco C.},
	pages = {264--270}
}

@book{rayner_gramatica_1923,
	title = {Gramatica tan diccionario na salitay {Pangasinan}},
	url = {http://name.umdl.umich.edu/ADL9486.0001.001},
	publisher = {Methodist Publishing House},
	author = {Rayner, Ernest A.},
	year = {1923}
}
