% Encoding: UTF-8

@Book{KmoBowden1997,
  author    = {Bowden, Ross},
  title     = {{A Dictionary of Kwoma}: A Papuan Language of North-East New Guinea},
  publisher = {Research School of Pacific and Asian Studies},
  year      = {1997},
}

@InCollection{KmoKooyers1974,
  author    = {Kooyers, Orneal},
  title     = {Washkuk Grammar Sketch},
  booktitle = {Grammatical studies in three languages of Papua New Guinea},
  publisher = {Summer Institute of Linguistics},
  year      = {1974},
  editor    = {Loving, Richard},
  pages     = {5-74},
}

@Book{KmoPalmer2017,
  author    = {Palmer, Bill},
  title     = {{The Languages and Linguistics of the New Guinea Area}: A Comprehensive Guide},
  publisher = {De Gruyter Mouton},
  year      = {2017},
}

@Misc{1981,
  title        = {Organised Phonology Data Washkuk (Kwoma) Language},
  howpublished = {SIL},
  year         = {1981},
}

@Comment{jabref-meta: databaseType:bibtex;}
