@incollection{Garland1975,
  address    = {Canberra},
  author     = {Garland, Roger and Garland, Susan},
  booktitle  = {Studies in languages of central and south-east Papua},
  editor     = {Tom E. Dutton},
  journal    = {ed. by T. E. Dutton, PL C29},
  pages      = {413-470},
  publisher  = {Australian National University},
  series     = {Pacific Linguistics: Series C},
  title      = {A grammar sketch of Mountain Koiali},
  volume     = {29},
  year       = {1975}
}

@misc{Garland2008,
  author     = {Garland, Roger and Susan Garland},
  title      = {Mt. Koiali phonemics},
  url        = {http://www.sil.org/pacific/png/abstract.asp?id=49878},
  year       = {2008}
}

@Misc{1981,
  title = {Mt. Koiali Organised Phonology Data},
  year  = {1981},
}
