@inproceedings{inproceedings,
author = {Tan, Tien-Ping and Ranaivo-Malancon, Bali},
year = {2009},
month = {08},
pages = {},
title = {Malay Grapheme to Phoneme Tool for Automatic Speech Recognition}
}

@Article{Clynes2011,
  author    = {Adrian Clynes and David Deterding},
  title     = {Standard Malay (Brunei)},
  journal   = {Journal of the International Phonetic Association},
  year      = {2011},
  volume    = {41},
  number    = {2},
  pages     = {259--268},
  month     = {jul},
  doi       = {10.1017/s002510031100017x},
  publisher = {Cambridge University Press ({CUP})},
}

@PhdThesis{Kassin2000,
  author = {Tajul Aripin Kassin},
  title  = {The Phonological Word in Standard Malay},
  school = {University of Newcastle upon Tyne},
  year   = {2000},
}

@Article{Rozan2007,
  author    = {Mohd Zaidi Abd Rozan and Yoshiki Mikami},
  title     = {Orthographic Reforms of Standard Malay Online: Towards Better Pronunciation and Construction of a Cross-language Environment},
  journal   = {Journal of Universal Language},
  year      = {2007},
  volume    = {8},
  number    = {1},
  pages     = {129--159},
  month     = {mar},
  doi       = {10.22425/jul.2007.8.1.129},
  publisher = {Sejong University Language Research Institute},
}
