% Encoding: UTF-8

@Article{NheKimball1990,
  author    = {Kimball, Gregory},
  title     = {Noun Pluralization in Eastern Huasteca Nahuatl},
  journal   = {International Journal of American Linguistics},
  year      = {1990},
  number    = {2},
  pages     = {196-216},
  url       = {https://www-jstor-org.revproxy.brown.edu/stable/1265129},
  urldate   = {2018-11-17},
}

@InCollection{NheBeller1979,
  author    = {{Beller, Richard} and {Beller, Patricia}},
  title     = {Huasteca Nahuatl},
  booktitle = {{Studies in Uto-Aztecan Grammar}, Volume 2: {Modern Aztec Grammatical Sketches}},
  publisher = {Summer Institute of Linguistics},
  year      = {1979},
  editor    = {Langacker, Ronald},
  pages     = {199-306},
  address   = {7500 W. Camp Wisdom Rd, Dallas, TX},
}

@Misc{NheSILOrthography,
  title     = {Notes on Nahuatl Orthography},
  author    = {Tuggy, David},
  publisher = {SIL International},
  url       = {http://www.mexico.sil.org/language_culture/aztec/notes-on-nahuatl-orthography},
  urldate   = {2018-11-17},
}

@Comment{jabref-meta: databaseType:bibtex;}
