% Encoding: UTF-8

@InCollection{GvnHershberger1970,
  author    = {{Hershberger, Henry} and {Pike, Eunice V.}},
  title     = {Stress as Related to the Grammar of Gugu-Yalanji},
  booktitle = {Pacific Linguistic Studies in Honour of Arthur Capell},
  publisher = {Pacific Linguistics},
  year      = {1970},
  editor    = {{Wurm, S. A.} and {Laycock, D. C.}},
  pages     = {791-810},
}

@Article{GvnOates1964,
  author  = {Oates, Lynette},
  title   = {Distribution of Phonemes and Syllables in Gugu-Yalanji},
  journal = {Anthropological Linguistics},
  volume  = {6},
  year    = {1964},
  pages   = {23-26},
}

@PHDThesis{GvnPatz1982,
  author    = {Patz, Elisabeth},
  title     = {A Grammar of the Kuku Yalanji Language of North Queensland},
  school    = {Australian National University},
  year      = {1982},
}

@Comment{jabref-meta: databaseType:bibtex;}
