@Book{McDowell2014,
  title     = {Sayings of the Ancestors: The Spiritual Life of the Sibundoy Indians},
  publisher = {University Press of Kentucky},
  year      = {2014},
  author    = {John Holmes McDowell},
  isbn      = {978-0-8131-5383-4},
}

@Book{Levinsohn1976,
  title     = {The Inga Language},
  publisher = {De Gruyter Mouton},
  year      = {1976},
  author    = {Levinsohn, Stephen H.},
  isbn      = {9027933812},
  date      = {1976-01-01},
  ean       = {9789027933812},
  pagetotal = {168},
}

@article{Bilbao1976,
  address                     = {Lomalinda: ILV},
  author                      = {Maffla Bilbao, Alonso},
  booktitle                   = {Estudios en inga},
  editor                      = {Stephen H. Levinsohn},
  journal                     = {Serie Sintáctica},
  number                      = {24},
  pages                       = {1-50},
  publisher                   = {Bogotá: Ministerio de Gobierno},
  series                      = {Serie sintáctica},
  title                       = {Estructura fonológica y estructura del 'Vbl' del inga (lengua del Putumayo)},
  volume                      = {2},
  year                        = {1976}
}

@article{Caudmont1953,
  address    = {Bogotá},
  author     = {Caudmont, Jean},
  journal    = {Revista Colombiana de Antropología},
  number     = {1},
  pages      = {375-389},
  title      = {Los fonemas del inga},
  volume     = {1},
  year       = {1953}
}

@misc{Jansasoy2006,
  author       = {Tandioy Jansasoy, Francisco, Stephen H. Levinsohn and Alonso Maffla Bilbao, compilers},
  howpublished = {Comité de Educación Inga de la Organización "Musu Runakuna"},
  pages        = {177},
  title        = {Diccionario Inga (edición interina en el nuevo alfabeto)},
  year         = {2006}
}
