% Encoding: UTF-8

@Book{WoCamara2006,
  author    = {Camara, Sana},
  title     = {Wolof Lexicon and Grammar},
  publisher = {NALRC Press},
  year      = {2006},
}

@Misc{WoDem1995,
  author    = {Dem, Sierra}
  title     = {Wollof-English Dictionary},
  publisher = {Peace Corps The Gambia},
  year      = {1995},
  url       = {http://resourcepage.gambia.dk/ftp/wollof.pdf},
}

@Misc{WoDiop2012,
  author    = {Diop, Elhadji Bamba}
  title     = {Trainee Wolof Manual},
  publisher = {Peace Corps Senegal},
  year      = {2012},
}

@Book{WoGamble1985,
  author    = {{Gamble, David P.}, {Salmon, Linda K.}, and {Hassan Njie, Alhaji}},
  title     = {{Peoples of the Gambia} I: The Wolof},
  publisher = {Gambian Studies},
  year      = {1985},
}

@Comment{jabref-meta: databaseType:bibtex;}
