% Encoding: UTF-8

@Book{MtoCrawford1963,
  author    = {Crawford, John Chapman},
  title     = {Totontepec Mixe Phonotagmemics},
  publisher = {Summer Institute of Linguistics},
  year      = {1963},
}

@Book{MtoSchoenhals1965,
  author    = {{Schoenhals, Alvin} and {Schoenhals, Louise C.}},
  title     = {Vocabulario Mixe de Totontepec},
  publisher = {Summer Institute of Linguistics},
  year      = {1965},
}

@Comment{jabref-meta: databaseType:bibtex;}
