% Encoding: UTF-8

@MastersThesis{Quigley2003,
  author = {Edward C. Quigley},
  school = {University of North Dakota},
  title  = {Awara Phonology},
  year   = {2003},
}

@MastersThesis{Quigley2002,
  author = {Susan R. Quigley},
  school = {University of North Dakota},
  title  = {The Awara Verbal System},
  year   = {2002},
}

@Comment{jabref-meta: databaseType:bibtex;}
