@incollection{Gasaway1997,
  address               = {Canberra},
  author                = {Gasaway, Eileen},
  booktitle             = {Papers in Papuan linguistics 3},
  editor                = {Andrew Pawley},
  pages                 = {59-99},
  publisher             = {Research School of Pacific and Asian Studies, Australian National University},
  series                = {Pacific Linguistics A},
  title                 = {Burum morphophonemics},
  volume                = {87},
  year                  = {1997}
}

@incollection{Olkkonen1985,
  address    = {Ukarumpa},
  author     = {Olkkonen, Soini},
  booktitle  = {Five phonological studies},
  editor     = {John M. Clifton},
  journal    = {Workpapers in Papua New Guinea Languages},
  pages      = {27-50},
  publisher  = {Summer Institute of Linguistics},
  series     = {Workpapers in Papua New Guinea Languages},
  title      = {Burum phonology},
  url        = {http://www.sil.org/pacific/png/abstract.asp?id=20041},
  volume     = {31},
  year       = {1985}
}

@misc{Olkkonen2007,
  author       = {Olkkonen, Soini and Olkkonen, Kaija},
  howpublished = {Ms.},
  pages        = {411},
  title        = {Somba-Siawari (Burum Mindik) English dictionary},
  url          = {http://www.sil.org/pacific/png/abstract.asp?id=48953},
  year         = {2007}
}

@Misc{Olkkonen1994,
  author = {Soini Olkkonen},
  title  = {Burum-Mindik Organised Phonology Data},
  year   = {1994},
}
