@Book{Murane1974,
  title     = {Daga Grammar: From Morpheme to Discourse},
  publisher = {Benjamin F. Elson},
  year      = {1974},
  author    = {Elizabeth Murane},
  editor    = {Irvine Davis},
}

@article{sil2011daga,
  title={Daga Organised Phonology Data},
  url={https://www.sil.org/resources/archives/42246},
  journal={SIL Language and Culture Archives},
  year={2011}
}

@Article{John1972,
  author    = {J. John and Elizabeth Murane},
  title     = {Vocalic Syllabicity in Daga},
  journal   = {Phonetica},
  year      = {1972},
  volume    = {25},
  number    = {1},
  pages     = {19--26},
  doi       = {10.1159/000259367},
  publisher = {S. Karger {AG}},
}
