@book{CampbellKing2013,
	title = {Compendium of the World's Languages},
	author = {Campbell, George L. and King, Gareth},
	year = {2013},
	publisher = {Routledge},
	pages = {832--834}
}

@book{Seegmiller1996,
	title = {Karachay},
	author = {Seegmiller, Steve},
	year = {1996},
	publisher = {Lincom Europa},
	pages = {1--47}
}

@dictionary{Seegmiller1988,
	title = {Phonological and Orthographical Information in Dictionaries: The Case of Pr√∂hle's Karachay Glossary and its Successors },
	author = {Seegmiller, Steve},
	year = {1988},
	publisher = {EURALEX},
	pages = {501--506}
}

@Misc{Orthography2019,
  title = {Karachay-Balkar: table of correspondences},
  month = aug,
  year  = {2019},
  note  = {Guidance on the US Board on Geographic Names (BGN)/Permanent Committee on Geographical Names (PCGN) romanization systems},
}
