
@book{weber_rimaycuna_2008,
	address = {Lima, Peru},
	edition = {2},
	series = {Serie {Lingüistica} {Peruana}},
	title = {Rimaycuna {Quechua} de {Huánuco}: {Diccionario} del quechua del {Huallaga} con índices castellano e inglés},
	number = {48},
	author = {Weber, David John and Zambrano, Félix Cayco and Villar, Teodoro Cayco and Dávila, Marlene Ballena},
	editor = {Wise, Mary Ruth},
	year = {2008}
}

@book{weber_grammar_1989,
	address = {Berkeley},
	series = {University of {California} publications in linguistics},
	title = {A grammar of {Huallaga} ({Huánuco}) {Quechua}},
	volume = {112},
	isbn = {978-0-520-09732-2},
	publisher = {University of California Press},
	author = {Weber, David},
	year = {1989},
	keywords = {Grammar, Dialects, Peru Huánuco (Department), Quechua language},
	annote = {Includes index}
}
