
@incollection{Nunn1996,
	title = {Dutch orthography: a near-optimal phonological transcription?},
	url = {https://benjamins.com/catalog/avt.13.19nun/fulltext/avt.13.19nun.pdf},
	booktitle = {Linguistics in the {Netherlands}},
	publisher = {John Benjamins Publishing Company},
	author = {Nunn, Anneke and Neijt, Anneke},
	year = {1996}
}

@Book{Booij1999,
  title     = {The Phonology of Dutch},
  publisher = {Oxford University Press},
  year      = {1999},
  author    = {Booij, Geert},
  isbn      = {019823869X},
  date      = {1999-02-01},
  ean       = {9780198238690},
  pagetotal = {218},
  url       = {https://www.ebook.de/de/product/37270227/geert_booij_the_phonology_of_dutch.html},
}


@article{Oostendorp2006,
	title = {Topics in the phonology of {Dutch}},
	url = {http://www.vanoostendorp.nl/pdf/dutch.pdf},
	author = {van Oostendorp, Marc},
	month = apr,
	year = {2006}
}

@article{Mees1982,
	title = {A phonetic description of the consonant system of {Standard} {Dutch} ({ABN})},
	volume = {12},
	url = {https://www.jstor.org/stable/pdf/44526677.pdf?refreqid=excelsior%3Aa3d505854d3789fd36ace4aa9b7af761},
	number = {1},
	journal = {Journal of the International Phonetic Association},
	author = {Mees, Inger and Collins, Beverly},
	month = jun,
	year = {1982},
	pages = {2--12}
}

@article{Mitterer2005,
	title = {Listeners recover /t/s that speakers reduce: {Evidence} from /t/-lenition in {Dutch}},
	volume = {34},
	url = {https://pure.mpg.de/rest/items/item_58555/component/file_58556/content},
	journal = {Journal of Phonetics},
	author = {Mitterer, Holger and Ernestus, Mirjam},
	month = mar,
	year = {2005},
	pages = {73--103}
}

@Book{Donaldson1997,
  title     = {Dutch: A Comprehensive Grammar},
  publisher = {Routledge},
  year      = {1997},
  author    = {Bruce Donaldson},
}
