% Encoding: UTF-8

@Book{TacBurgess1984,
  author    = {Burgess, Donald},
  title     = {Western Tarahumara},
  publisher = {Summer Institute of Linguistics},
  year      = {1984},
}

@Book{TacThordGray1955,
  author    = {Thord-Gray, I.},
  title     = {Tarahumara-English, English-Tarahumara Dictionary},
  publisher = {University of Miami Press},
  year      = {1955},
}

@PHDThesis{TacValdezJara2013,
  author       = {Valdez Jara, Yolanda},
  title        = {Predication in Rar√≥muri (Urique Tarahumara)},
  school       = {University of Oregon},
  year         = {2013},
}

@Comment{jabref-meta: databaseType:bibtex;}
