
@techreport{gray_turkmen_1994,
	title = {Turkmen {Grammar}},
	url = {https://www.academia.edu/3363624/A_Grammar_of_Turkmen},
	author = {Gray, David},
	year = {1994}
}

@incollection{schonig_turkmen_1998,
	title = {Turkmen},
	booktitle = {The {Turkic} {Languages}},
	publisher = {Routledge},
	author = {Schönig, Claus},
	editor = {Johnson, Lars and Csató-Johanson, Éva},
	year = {1998},
	pages = {261--274}
}

@phdthesis{hoey_grammatical_2013,
	type = {{PhD} {Thesis}},
	title = {Grammatical {Sketch} of {Turkmen}},
	url = {https://www.researchgate.net/publication/291523062_Grammatical_sketch_of_Turkmen/download},
	school = {University of California Santa Barbara},
	author = {Hoey, Elliott Michael},
	year = {2013}
}

@phdthesis{rasekh_study_2016,
	type = {{PhD} {Thesis}},
	title = {A {Study} of the {Turkmen} {Dialects} of {Afghanistan}},
	url = {https://edoc.hu-berlin.de/bitstream/handle/18452/18673/rasekh.pdf?sequence=7},
	school = {Humboldt University of Berlin},
	author = {Rasekh, Muhammad Salih},
	year = {2016}
}