@book{rucker1990,
  title     = {Anjam Phonology Essentials},
  author    = {Rucker, Diane J.},
  year      = {1990},
}

@misc{rucker2000,
  title     = {Organized Phonology Data},
  author    = {Rucker, Robert},
  year      = {2000}
}

@Misc{Anjam2013,
  title        = {Yesus Aqa Anjam Bole},
  howpublished = {Wycliffe Bible Translators, Inc.},
  year         = {2013},
}
