@Misc{SIL,
  title        = {Nehan Organised Phonology Data},
  howpublished = {SIL},
  year         = {1990},
  note         = {Checked by Glennons},
}
