@article{MacKay2013,
  author     = {MacKay, Carolyn J. and Trechsel, Frank R.},
  journal    = {International Journal of American Linguistics},
  number     = {2},
  pages      = {189â€“218},
  title      = {A Sketch of Pisaflores Tepehua Phonology},
  year       = {2013}
}


@InBook{Watters2017,
  chapter   = {Spanish influence in two Tepehua languages: Structure-preserving, structure-chaning, and structure-preferring effects},
  pages     = {29-54},
  title     = {Language Contact and Change in Mesoamerica and Beyond (Studies in Language Companion Series)},
  publisher = {John Benjamins Publishing Company},
  year      = {2017},
  author    = {James K. Watters},
  editor    = {Karen Dakin and Claudia Parodi and Natalie Operstein},
}
@Article{OMeara2019,
  author    = {Carolyn O'Meara and Susan Smythe Kung and Asifa Majid},
  title     = {The Challenge of Olfactory Ideophones: Reconsidering Ineffability from the Totonac-Tepehua Perspective},
  journal   = {International Journal of American Linguistics},
  year      = {2019},
  publisher = {University of Chicago Press},
}

@PhdThesis{Kryder1978,
  author = {Nancy J. Kryder},
  title  = {A Phonological and Morphological Sketch of Tepehua},
  school = {University of Montana},
  year   = {1978},
}

@InBook{Watters2017,
  chapter   = {Spanish influence in two Tepehua languages: Structure-preserving, structure-chaning, and structure-preferring effects},
  pages     = {29-54},
  title     = {Language Contact and Change in Mesoamerica and Beyond (Studies in Language Companion Series)},
  publisher = {John Benjamins Publishing Company},
  year      = {2017},
  author    = {James K. Watters},
  editor    = {Karen Dakin and Claudia Parodi and Natalie Operstein},
}
