
@book{poppe_bashkir_1997,
	address = {Richmond},
	edition = {[Reprint der Ausg.] Bloomington 1964},
	series = {The {Uralic} and {Altaic} series},
	title = {Bashkir manual: descriptive grammar and texts ; with a {Bashkir}-{English} glossary},
	isbn = {978-0-7007-0836-9},
	shorttitle = {Bashkir manual},
	language = {eng},
	number = {volumes 1 - 150 / with a new introd. by Denis Sinor ; Vol. 36},
	publisher = {Curzon},
	author = {Poppe, Nicholas},
	year = {1997},
	note = {OCLC: 833072051}
}
