% Encoding: UTF-8

@Book{CarCourtz2008,
  author    = {Courtz, Hendrik},
  title     = {A Carib grammar and dictionary},
  publisher = {Magoria Books},
  year      = {2008},
}

@Book{CarHoff1968,
  author    = {Hoff, B. J.},
  title     = {{The Carib Language}: Phonology, Morphonology, Morphology, Texts and Word Index},
  publisher = {Brill},
  year      = {1968},
}

@InCollection{CarPeasgood1972,
  author    = {Peasgood, Edward T.},
  title     = {Carib Phonology},
  booktitle = {Languages of the Guianas},
  publisher = {Summer Institute of Linguistics},
  year      = {1972},
  editor    = {Grimes, Joseph E.},
  pages     = {35-41},
}

@Comment{jabref-meta: databaseType:bibtex;}
