
@book{hull2016,
	address = {Salt Lake City},
	title = {A {Dictionary} of {Ch}'orti' {Mayan}-{Spanish}-{English}},
	isbn = {978-1-60781-489-4},
	language = {myn spa eng},
	publisher = {The University of Utah Press},
	author = {Hull, Kerry M.},
	year = {2016},
	keywords = {Dictionaries, Chorti language, Conversation and phrase book, Dictionaries, Polyglot, Guatemala, Languages, Polygot}
}

@phdthesis{dugan2013,
	address = {New Orleans, LA},
	title = {The grammar of {Ch}'orti' {Maya} folktales},
	school = {Tulane University},
	author = {Dugan, James T.},
	month = may,
	year = {2013}
}


@unpublished{marhenke2019,
	title = {Typescript of {Ch}'orti' texts},
	author = {Wisdom, Charles},
	collaborator = {Marhenke, Randa},
	month = apr,
	year = {2019}
}

@InBook{Fought2012,
  chapter   = {Cholt√≠ Maya: A Sketch},
  pages     = {43-55},
  title     = {Supplement to the Handbook of Middle American Indians},
  publisher = {University of Texas Press},
  year      = {2012},
  author    = {John Fought},
  editor    = {Victoria Reifler Bricker, Munro S. Edmonson},
  volume    = {2},
}
