@Misc{McGuckin2008,
  author       = {Ed McGuckin and Catherine McGuckin},
  title        = {Gapapaiwa Organised Phonology Data},
  howpublished = {SIL},
  year         = {2008},
}

@Article{McGuckin2011,
  author    = {McGuckin, Catherine},
  title     = {Gapapaiwa Reduplication: A Phonological Analysis Using Optimality Theory},
  journal   = {GIAL Electronic Notes Series},
  year      = {2011},
}

@InBook{McGuckin2001,
  chapter   = {Gapapaiwa},
  pages     = {297-321},
  title     = {The Oceanic Languages},
  publisher = {Taylor \& Francis Ltd},
  year      = {2001},
  author    = {Catherine McGuckin},
  editor    = {Lynch, John and Crowley, Terry and Ross, Malcolm D.},
}
