@Misc{Brawand1963,
  author       = {John Brawand and Alice Brawand},
  title        = {El alfabeto achí, dialecto de Rabinal},
  howpublished = {SIL},
  year         = {1963},
}

@Book{Pellicer2005,
  title     = {Los significados de la música: La marimba maya achí de Guatemala},
  publisher = {Centro de Investigaciones y Estudios Superiores en Antropoligía Social},
  year      = {2005},
  author    = {Sergio Navarrete Pellicer},
}

@Misc{Solares2008,
  author = {Emilsa Solares},
  title  = {Gramática del idioma Achi},
  month  = oct,
  year   = {2008},
}

@InBook{England2017,
  chapter   = {Chapter 7: Phonology and phonetics},
  title     = {The Mayan Languages},
  publisher = {Routledge},
  year      = {2017},
  author    = {Nora C. England and Brandon O. Baird},
  editor    = {Judith Aissen and Nora C. England and Roberto Zavala Maldonado},
}
