@PhdThesis{VanGijn2006,
  author = {Van Gijn, Rik},
  title  = {A grammar of Yurakaré},
  school = {Radboud University Nijmegen},
  year   = {2006},
  doi    = {10.5167/UZH-84700},
}

@book{Ribera1991,
  author     = {Ribera, Julio and Walter Rivero and Ascencio Rocha},
  note       = {3 vols.},
  pages      = {160},
  publisher  = {Équipo Pastoral; MISEREOR},
  title      = {Vocabulario yuracaré-castellano, castellano-yuracaré},
  year       = {1991},
}
