% Encoding: UTF-8

@Book{UkHumesky1980,
  author    = {Humesky, Assya},
  title     = {Modern Ukrainian},
  publisher = {Canadian Institute of Ukrainian Studies},
  year      = {1980},
}

@Article{UkMarschall2016,
  author    = {Bernd Pompino-Marschall and Elena Steriopolo and Marzena {\.{Z}}ygis},
  title     = {Ukrainian},
  journal   = {Journal of the International Phonetic Association},
  year      = {2016},
  volume    = {47},
  number    = {3},
  pages     = {349--357},
  month     = {nov},
  doi       = {10.1017/s0025100316000372},
  publisher = {Cambridge University Press ({CUP})},
}

@Book{UkMedushevsky1963,
  author    = {Medushevsky, A., and Zyatkovska, R.},
  title     = {Ukrainian Grammar},
  publisher = {State Textbook Publishing House},
  year      = {1963},
}

@Book{UkPugh1999,
  author    = {Pugh, Stefan M., and Press, Ian},
  title     = {{Ukrainian}: A Comprehensive Grammar},
  publisher = {Routledge},
  year      = {1999},
}

@Book{UkStruk1991,
  author    = {Struk, Danylo Husar},
  title     = {Ukrainian for Undergraduates},
  publisher = {Canadian Institute of Ukrainian Studies},
  year      = {1991},
}

@Comment{jabref-meta: databaseType:bibtex;}
