% Encoding: UTF-8

@Misc{OsAbaev1964,
  author     = {Abaev, V. I.},
  translator = {Paper, Herbert H.},
  title      = {Grammar Sketch of Ossetic},
  year       = {1964},
  note       = {"Originally published as part of a Russian-Ossetian dictionary"},
}

@InCollection{OsTesten1997,
  author    = {Testen, David},
  title     = {Ossetic Phonology},
  booktitle = {Phonologies of Asia and Africa},
  publisher = {Eisenbrauns},
  year      = {1997},
  editor    = {Kaye, Alan S.},
  pages     = {707-731},
}

@InCollection{OsThordarson1989,
  author    = {Thordarson, Fridrik},
  title     = {Ossetic},
  booktitle = {Compendium Linguarum Iranicum},
  publisher = {Dr. Ludwig Reichert},
  year      = {1992},
  editor    = {Schmitt, RÃ¼diger},
  pages     = {456-479},
}

@Comment{jabref-meta: databaseType:bibtex;}
