
@phdthesis{albro_studies_2005,
	title = {Studies in {Computational} {Optimality} {Theory}, with {Special} {Reference} to the {Phonological} {System} of {Malagasy}},
	school = {University of California Los Angeles},
	author = {Albro, Daniel Matthew},
	year = {2005}
}

@phdthesis{oneill_phonology_2015,
	title = {The {Phonology} of {Betsimisaraka} {Malagasy}},
	school = {University of Delaware},
	author = {O'Neill, Timothy},
	year = {2015}
}

@techreport{tench_malagasy_2008,
	title = {Malagasy interlanguage phonology},
	institution = {Cardiff University},
	author = {Tench, Paul},
	year = {2008}
}

@incollection{rasoloson_malagasy_2005,
	title = {Malagasy},
	booktitle = {The {Austronesian} {Languages} of {Asia} and {Madagascar}},
	publisher = {Psychology Press},
	author = {Rasoloson, Janie and Rubino, Carl},
	collaborator = {Adelaar, K. Alexander and Himmelmann, Nikolaus},
	year = {2005}
}

@book{griffiths_grammar_1854,
	title = {A grammar of the {Malagasy} language, in the {Ankova} dialect},
	author = {Griffiths, David},
	year = {1854}
}