
@Misc{SIL2004,
  title        = {Ömie Organised Phonology Data},
  howpublished = {SIL},
  year         = {2004},
  note         = {Data checked by: John Austing (September 1992)},
}

@incollection{austing_1975,
	series = {Pacific {Linguistics}},
	title = {Highlights of Ömie morphology},
	url = {http://sealang.net/archives/pl/pdf/PL-C29.513.pdf},
	number = {C 29},
	booktitle = {Studies in languages of central and south-east {Papua}},
	author = {Austing, John F. and Upia, Randolph},
	editor = {Dutton, T.E.},
	year = {1975},
	pages = {513--598}
}

@phdthesis{dutton_1969,
	type = {{PhD} {Thesis}},
	title = {The {Koiarian} {Languages} of {Central} {Papua} : {An} {Historical}, and {Descriptive} {Linguistic} {Study}},
	school = {Australian National University},
	author = {Dutton, Thomas Edward},
	month = feb,
	year = {1969}
}
