% Encoding: UTF-8

@InBook{Jain2003,
  chapter   = {11},
  pages     = {485-522},
  title     = {The Indo-Aryan Languages},
  publisher = {Routledge},
  year      = {2003},
  author    = {Tapas S. Ray},
  editor    = {George Cardona, Dhanesh Jain},
}

@Comment{jabref-meta: databaseType:bibtex;}
