% Encoding: UTF-8

@Article{AzChart2000,
  title     = {Alphabet Changes in Azerbaijan in the 20th Century},
  journal   = {Azerbaijan International},
  year      = {2000},
  pages     = {13},
}

@PHDThesis{AzFraenkel1962,
  author    = {Fraenkel, Gerd},
  title     = {A Generative Grammar of Azerbaijani},
  school    = {Indiana University},
  year      = {1962},
}

@Article{AzMokari2017,
  author  = {{Mokari, Payam Ghaffarvand} and {Werner, Stefan}},
  title   = {Illustrations of the IPA: Azerbaijani},
  journal = {Journal of the International Phonetic Association},
  year    = {2017},
  pages   = {207-212},
}

@PHDThesis{AzSalimi1976,
  author    = {Salimi, Hosseingholi},
  title     = {A Generative Phonology of Azerbaijani},
  school    = {University of Florida},
  year      = {1976},
}

@Comment{jabref-meta: databaseType:bibtex;}
