@inbook{Pence1966,
  address    = {Canberra},
  author     = {Pence, Alan},
  booktitle  = {Papers in New Guinea Linguistics 5},
  pages      = {49-97},
  publisher  = {Australian National University},
  series     = {Pacific Linguistics, Series A},
  title      = {Kunimaipa phonology: hierarchical levels},
  volume     = {7},
  year       = {1966},
  iso_code   = {kup},
  olac_field = {typology; phonetics; general_linguistics; phonology},
  wals_code  = {kmp}
}

@Unpublished{Geary1992,
  author = {Elaine Geary},
  title  = {Kunimaipa Organised Phonology Data},
  month  = may,
  year   = {1992},
}
