% Encoding: UTF-8

@Misc{WbpHale1977,
  author    = {Hale, Kenneth},
  title     = {Elementary remarks on Walbiri orthography, phonology and allomorphy},
  year      = {1977},
}

@InCollection{WbpJagst1975,
  author    = {Jagst, Lothar},
  title     = {{Ngardilpa (Warlpiri) Phonology}: Language of the Warnakaya Tribe, A Subtribe of the Warlpiri Tribe},
  booktitle = {{Papers in Australian Linguistics} No. 8},
  publisher = {Australian National University},
  year      = {1975},
  editor    = {{Sharpe, M.}, {Jagst, L.}, and {Birk, D.}},
  pages     = {21-58},
}

@PHDThesis{WbpNash1980,
  author    = {Nash, David George},
  title     = {Topics in Warlpiri Grammar},
  school    = {Massachusetts Institute of Technology},
  year      = {1980},
}

@Article{WbpNash1983,
  author  = {Nash, David},
  title   = {TESL and Warlpiri Children: Understanding Warlpiri children's problems in learning to speak English},
  journal = {N.T. Bilingual Education Newsletter},
  volume  = {1},
  year    = {1983},
  pages   = {6-24},
}

@Comment{jabref-meta: databaseType:bibtex;}
