
@unpublished{litteral_angor_1997,
	title = {Angor {Organised} {Phonology} {Data}},
	author = {Litteral, Robert L.},
	year = {1997}
}

@phdthesis{litteral_features_2008,
	address = {Philadelphia, PA},
	title = {Features of {Angor} discourse},
	school = {University of Pennsylvania},
	author = {Litteral, Robert L.},
	year = {2008}
}
