% Encoding: UTF-8

@Book{SqCamaj1984,
  author     = {Camaj, Martin},
  translator = {Fox, Leonard},
  title      = {Albanian Grammar},
  publisher  = {Otto Harrassowitz},
  year       = {1984},
}

@Misc{SqFriedman2004,
  author    = {Friedman, Victor A.},
  title     = {Albanian Grammar},
  publisher = {Dukagjini Balkan Books},
  year      = {2004},
  note      = {Originally an excerpt from his book, {Studies on Albanian and Other Balkan Languages}.},
}

@Misc{SqMatasović2018,
  author       = {Matasović, Ranko},
  title        = {A Grammatical Sketch of Albanian for students of Indo-European},
  howpublished = {Self-published},
  year         = {2018},
  url          = {http://mudrac.ffzg.unizg.hr/~rmatasov/Albanian.pdf},
}

@Book{SqNewmark1982,
  title     = {Standard Albanian},
  publisher = {Stanford University Press},
  year      = {1982},
  author    = {Newmark, Leonard and Hubbard, Philip and Prifti, Peter R.},
  isbn      = {0804711291},
  date      = {1982-06-01},
  ean       = {9780804711296},
  pagetotal = {367},
  url       = {https://www.ebook.de/de/product/4294000/leonard_newmark_philip_hubbard_peter_r_prifti_standard_albanian.html},
}

@Comment{jabref-meta: databaseType:bibtex;}
