% Encoding: UTF-8

@Book{Mohanan1986,
  title     = {The Theory of Lexical Phonology},
  publisher = {Springer, Dordrecht},
  year      = {1986},
  author    = {K. P. Mohanan},
}

@Article{TEMU,
  author = {Thunchath Ezhuthachan Malayalam University},
  title  = {Malayalam Phonetic Archive},
}

@Manual{Jiang2010,
  title        = {Malayalam: A Grammatical Sketch and Text},
  author       = {Haowen Jiang},
  organization = {Rice University},
  year         = {2010},
}

@Misc{Malayalam,
  title = {Malayalam},
  note  = {Malayalam Romanization Table},
}

@Misc{Panel2018,
  author = {Neo-Brhmi Generation Panel},
  title  = {Proposal for a Malayalam script root zone label generation ruleset (LGR)},
  month  = sep,
  year   = {2018},
}

@inproceedings{Swenson2016,
  title={A temporal semantics for Malayalam Conjunctive Participle Constructions},
  author={Amanda Swenson},
  year={2016}
}

@Comment{jabref-meta: databaseType:bibtex;}
