
@unpublished{hashimoto2003,
	title = {Ata {Organised} {Phonology} {Data}},
	author = {Hashimoto, Chiyoko and Kazuo Hashimoto and Nozomi Kume},
	year = {2003}
}

@unpublished{hashimoto2009,
	title = {Ata - {English} dictionary with {English} - {Ata} finderlist},
	author = {Hashimoto, Kazuo},
	year = {2009}
}

@InProceedings{Campbell2010,
  author    = {Lyle Campbell},
  title     = {Language Isolates and Their History, or, What’s Weird, Anyway?},
  booktitle = {Proceedings of the thirty sixth annual meeting of the Berkeley Linguistics Society},
  year      = {2010},
}

@book{campbell2017,
	address = {Abingdon, Oxon ; New York},
	edition = {First edition},
	series = {Routledge language family series},
	title = {Language isolates},
	isbn = {978-1-138-82105-7},
	publisher = {Routledge},
	editor = {Campbell, Lyle},
	year = {2017},
	keywords = {Language isolates},
	annote = {Introduction -- Language Isolates and Their History / Lyle Campbell -- Ancient Near Eastern and European Isolates / Piotr Michalowski -- Basque and the Reconstruction of Isolated Languages / Joseba A. Lakarra -- Ainu / Thomas Dougherty -- Burushaski / Alexander D. Smith -- Other isolated Languages of Asia / Stefan Georg -- African Language Isolates / Roger Blench -- Language Isolates of North America / Marianne Mithun -- Language Isolates of Mesoamerica and Northern Mexico / Raina Heaton -- Language Isolates in South America / Frank Seifart and Harald Hammarström -- Language Isolates in the New Guinea region / Harald Hammarström -- Language Isolates of Australia / Claire Bowern -- Endangerment of Language Isolates / Eve Okura}
}
