
@book{manczak-wohlfeld_studies_2010,
	title = {Studies on the {Turkic} {World}},
	publisher = {Jagiellonian University Press},
	author = {Mańczak-Wohlfeld, Elźbieta and Podolak, Barbara},
	year = {2010}
}

@phdthesis{mccollum_labial_2015,
	title = {Labial {Harmony} in {Kazakh}: {Descriptive} and {Theoretical} {Issues}},
	school = {University of Florida},
	author = {McCollum, Adam G.},
	year = {2015}
}

@incollection{kirchner_kazakh_1998,
	title = {Kazakh and {Karakalpak}},
	booktitle = {The {Turkic} {Languages}},
	publisher = {Routledge},
	author = {Kirchner, Mark},
	editor = {Johnson, Lars and Csató-Johanson, Éva},
	year = {1998},
	pages = {318--321}
}

@misc{washington_evidence_2009,
	title = {Evidence for the {Sonority} {Scale} in {Kazakh}},
	author = {Washington, Jonathan North},
	month = mar,
	year = {2009}
}

@InProceedings{Bowman2013,
  author    = {Samuel R. Bowman and Benjamin Lokshin},
  title     = {Idiosyncratically Transparent Vowels in Kazakh},
  booktitle = {Phonology 2013},
  year      = {2013},
}

@Misc{Dotton2018,
  author = {Zura Dotton and John Doyle Wagner},
  title  = {A Grammar of Kazakh},
  month  = aug,
  year   = {2018},
}

@InBook{Vajda1994,
  chapter   = {Kazakh Phonology},
  pages     = {603-650},
  title     = {Studies on East Asia},
  publisher = {Western Washington University},
  year      = {1994},
  author    = {Edward J. Vajda},
  editor    = {Edward H. Kaplan},
}

@Article{McCollum2020,
  author    = {Adam G. McCollum and Si Chen},
  title     = {Kazakh},
  journal   = {Journal of the International Phonetic Association},
  year      = {2020},
  pages     = {1--23},
  month     = {feb},
  doi       = {10.1017/s0025100319000185},
  publisher = {Cambridge University Press ({CUP})},
}
