@book{launey2003,
  address                     = {Paris},
  author                      = {Michel Launey},
  pages                       = {256},
  publisher                   = {IRD},
  series                      = {Didactiques},
  title                       = {Awna Parikwaki: Introduction à la langue Palikur de Guyane et de l'Amapá},
  year                        = {2003}
}

@book{launey2001,
  address    = {Cayenne},
  author     = {Michel Launey},
  pages      = {102},
  publisher  = {IRD},
  title      = {Éléments de grammaire palikur},
  year       = {2001}
}
