
@incollection{hurd_nasioi_1970,
	title = {Nasioi verbs},
	volume = {IX},
	booktitle = {Oceanic {Linguistics}},
	author = {Hurd, Conrad and Hurd, Phyllis},
	year = {1970}
}

@misc{hurd_nasioi_2004,
	title = {Nasioi {Organised} {Phonology} {Data}},
	publisher = {SIL},
	author = {Hurd, Conrad},
	month = sep,
	year = {2004}
}

@Book{Crothers1979,
  title     = {Handbook of Phonological Data from a Sample of the World's Languages},
  publisher = {Department of Linguistics, Stanford University},
  year      = {1979},
  author    = {Crothers, John H., and Lorentz, James P., and Sherman, Donald A., and Vihman, Marilyn M.},
}

@book{hurdhurd1966,
  address   = {Port Moresby, Papua New Guinea},
  author    = {Hurd, Conrad and Hurd, Phyllis},
  publisher = {Summer Institute of Linguistics and Department of Information and Extension Services},
  title     = {Nasioi Language Course},
  year      = {1966}
}
