% Encoding: UTF-8

@PHDThesis{LemBoyd2015,
  author    = {Boyd, Virginia Lee},
  title     = {{The phonological systems of the Mbam languages} of Cameroon with a focus on vowels and vowel harmony},
  school    = {Leiden University},
  year      = {2015},
}

@Misc{LemWilkendorf1998,
  author    = {Wilkendorf, Patricia},
  title     = {Sketch Grammar of Nɔmaándɛ́},
  publisher = {SIL International},
  year      = {1998},
}

@Misc{LemWilkendorf2004,
  author    = {Wilkendorf, Patricia},
  title     = {Exposé de l'alphabet et de l'orthographe du Nomaande},
  publisher = {SIL International},
  year      = {2004},
}

@Comment{jabref-meta: databaseType:bibtex;}
