% Encoding: UTF-8

@Book{CnmHopkins1965,
  author    = {Hopkins, Nicholas A.},
  title     = {A Dictionary of the Chuj (Mayan) Language},
  year      = {1965},
  notes     = {The version I used is a reprint from 2012.},
}

@PhdThesis{CnmRaymundo2014,
  author    = {Raymundo Gonzales, Sonia Salome},
  title     = {Comportamiento Fonológico y Morfológico del Idioma Chuj con Relación
 al Idioma Q'anjob'al},
  school    = {Rafael Landívar University},
  year      = {2014},
}

@InCollection{CnmWilliams1965,
  author    = {{Williams, Kenneth} and {Williams, Barbara}},
  title     = {Chuj},
  booktitle = {Languages of Guatemala},
  publisher = {Mouton & Co.},
  year      = {1965},
  editor    = {Mayers, Marvin K.},
  pages     = {219-234},
}

@Comment{jabref-meta: databaseType:bibtex;}
