@article{pedroscaballero2014,
  title = {Grammar Sketch of Bugis},
  author = {Pedros Caballero, Toni},
  page = {1--56},
  year = {2014}
}

@thesis{jaya2018,
  title = {Phonological Interference of Buginese into Indonesian by Buginese Speakers in Tolitoli Central Sulawesi: A Study of Transformational-Generative Phonology},
  author = {Jaya},
  pages = {1-90},
  year = {2018}
}

@article{talaohu2019,
  title={The Phonetics System in Buginese Language},
  author={Talaohu, Ahmad Rifani},
  journal={Journal of Linguistics, Literature, and Language Teaching},
  volume={3},
  number={1},
  pages={25-44},
  year={2019},
  publisher={Ma Chung University}
}

@article{valls2014,
  title={A Grammar Sketch of the Bugis Language},
  author={Valls, David},
  pages={1-69},
  year={2014}
}

@book{wolff2010,
  title={Proto-Austronesian Phonology with Glossary},
  author={Wolff, John U},
  volume={1},
  year={2010},
  publisher={Cornell Southeast Asia Program}
}
