@InProceedings{Ordean2009,
  author    = {Mihai Alexandru Ordean and Andrei Saupe and Mihaela Ordean and Melania Duma and Gheorghe Cosmin Silaghi},
  title     = {Enhanced Rule-Based Phonetic Transcription for the Romanian Language},
  booktitle = {2009 11th International Symposium on Symbolic and Numeric Algorithms for Scientific Computing},
  year      = {2009},
  month     = {sep},
  publisher = {{IEEE}},
  doi       = {10.1109/synasc.2009.18},
}

@MISC{Burileanu,
    author = {Dragoş Burileanu and Mihai Sima and Adrian Neagu},
    title = {A PHONETIC CONVERTER FOR SPEECH SYNTHESIS IN ROMANIAN},
    year = {}
}

@Book{Goenczoel2007,
  title     = {Romanian: An Essential Grammar (Routledge Essential Grammars Book 10)},
  publisher = {Routledge},
  year      = {2007},
  author    = {Ramona Gönczöl},
  isbn      = {0-415-33824-7},
  url       = {https://www.amazon.com/Romanian-Essential-Grammar-Routledge-Grammars-ebook/dp/B000SKFQD8?SubscriptionId=AKIAIOBINVZYXZQZ2U3A&tag=chimbori05-20&linkCode=xm2&camp=2025&creative=165953&creativeASIN=B000SKFQD8},
}

@Book{Dindelegan2013,
  title     = {The Grammar of Romanian},
  publisher = {PAPERBACKSHOP UK IMPORT},
  year      = {2013},
  author    = {Dindelegan, Gabriela Pana},
  isbn      = {0199644926},
  date      = {2013-06-10},
  ean       = {9780199644926},
  pagetotal = {512},
  url       = {https://www.ebook.de/de/product/19324755/gabriela_pana_dindelegan_the_grammar_of_romanian.html},
}

@Article{Dezsi2008,
  author    = {Melinda D{\'{e}}zsi},
  title     = {The morphology of Romanian palatalization},
  journal   = {Verbum},
  year      = {2008},
  volume    = {10},
  number    = {2},
  pages     = {437--448},
  month     = {dec},
  doi       = {10.1556/verb.10.2008.2.11},
  publisher = {Akademiai Kiado Zrt.},
}

@Article{Chitoran2002,
  author    = {Ioana Chitoran},
  title     = {The phonology and morphology of Romanian diphthongization},
  journal   = {Probus},
  year      = {2002},
  volume    = {14},
  number    = {2},
  month     = {jan},
  doi       = {10.1515/prbs.2002.009},
  publisher = {Walter de Gruyter {GmbH}},
}

@PhdThesis{Renwick2012,
  author = {Margaret Elspeth Lambert Renwick},
  title  = {Vowels of Romanian: Historical, Phonological and Phonetic Studies},
  school = {Cornell University},
  year   = {2012},
}

@Article{Petrovici1950,
  author  = {Petrovici, E},
  title   = {Corelatia de timbru a consoanelor dure si moi in limba română},
  journal = {Studii și cercetări lingvistice},
  year    = {1950},
}

@Misc{Chitoran,
  author = {Ioana Chitoran},
  title  = {Connected Speech, Phonetic Variation, and Sound Change: A Cross-Romance Typology},
}
