@Book{Todd1985,
  title     = {A Grammar of Dimili: Also Known as Zaza},
  publisher = {Iremet FÃ¶rlag},
  year      = {1985},
  author    = {Terry Lynn Todd},
  editor    = {Brigitte Werner},
}
