
@book{wolfenden_1971,
	title = {Hiligaynon {Reference} {Grammar}},
	url = {https://www.jstor.org/stable/j.ctv9hvst8.5},
	publisher = {University of Hawai'i Press},
	author = {Wolfenden, Elmer P.},
	year = {1971}
}

@misc{casperson_2010,
	address = {Boise State University},
	type = {Poster},
	title = {The {Phonology} of {Hiligaynon}},
	url = {https://scholarworks.boisestate.edu/cgi/viewcontent.cgi?article=1049&context=as_10},
	author = {Casperson, Tyler},
	month = apr,
	year = {2010}
}

@book{motus_1971,
	series = {Pali {Language} {Texts}: {Philippines}},
	title = {Hiligaynon {Dictionary}},
	publisher = {University of Hawai'i Press},
	author = {Motus, Cecile L.},
	year = {1971}
}

@article{manzano_2016,
	title = {Meron o {Mayroon}: {An} {Exploratory} {Study} on {Hiligaynon} and {Tagalog} “{Diphthongs}”},
	volume = {XI},
	number = {1},
	journal = {Philippine Computing Journal Dedicated Issue on Natural Language Processing},
	author = {Manzano, Diane and Sadural, Samantha Jade},
	month = aug,
	year = {2016},
	pages = {37--44}
}
