
@misc{pereira_2007,
	title = {Pa nu skrebe na skola},
	url = {http://www.iltec.pt/pdf/Pa%20nu%20skrebe%20na%20skola.pdf},
	journal = {Centro de Estudos de Linguística Geral e Aplicada da Universidade de Coimbra},
	author = {Pereira, Dulce},
	year = {2007}
}

@incollection{lang_2013,
	title = {Cape {Verdean} {Creole} of {Santiago}},
	volume = {2: Portuguese-based, Spanish-based, and French-based Languages},
	url = {https://apics-online.info/surveys/30},
	booktitle = {The {Survey} of {Pidgin} and {Creole} {Languages}},
	publisher = {Oxford University Press},
	author = {Lang, Jürgen},
	editor = {Michaelis, Susanne Maria and Maurer, Philippe and Haspelmath, Martin and Huber, Magnus},
	year = {2013}
}

@mastersthesis{coonan_2007,
	title = {The {Language} {Debate} in {Cape} {Verde}},
	url = {https://etd.ohiolink.edu/!etd.send_file?accession=ohiou1173895867&disposition=inline},
	school = {Ohio University},
	author = {Coonan, Patrick J.},
	month = jun,
	year = {2007}
}

@mastersthesis{monteiro_2015,
	title = {Teaching {Pronunciation} {Communicatively} to {Cape} {Verdean} {English} {Language} {Learners}: {Sao} {Vicente} {Variety}},
	url = {https://vc.bridgew.edu/cgi/viewcontent.cgi?referer=https://www.google.com/&httpsredir=1&article=1018&context=theses},
	school = {Bridgewater State University},
	author = {Monteiro, Jacira},
	month = may,
	year = {2015}
}

@misc{boletim_1998,
	title = {Boletim {Oficial} nº 48, 5º {Suplemento}},
	month = dec,
	year = {1998}
}

@incollection{Swolkien2013,
  address    = {Oxford},
  author     = {Swolkien, Dominika },
  booktitle  = {Portuguese-based, Spanish-based, and French-based Languages},
  editor     = {Susanne Maria Michaelis and Philippe Maurer and Martin Haspelmath and Magnus Huber},
  pages      = {21-30},
  publisher  = {Oxford University Press},
  series     = {Atlas of Pidgin and Creole Languages},
  title      = {Cape Verdean Creole of São Vicente},
  volume     = {2},
  year       = {2013}
}

@Article{Swolkien2019,
  author  = {Swolkien, Dominika and Cobbinah, Alexander},
  title   = {Cape Verdean Creole - Santo Antão: what we know so far},
  journal = {Journal of Ibero-Romance Creoles},
  year    = {2019},
}

@phdthesis{Swolkien2015,
  address   = {Coimbra},
  author    = {Swolkien, Dominika},
  booktitle = {The Cape Verdean Creole of São Vicente: its genesis and structure.},
  key       = {Swolkien 2012},
  note      = {Unpublished Ph.D Dissertation.},
  publisher = {University of Coimbra},
  school    = {University of Coimbra},
  title     = {The Cape Verdean Creole of São Vicente: its genesis and structure.},
  type      = {Bibliographical record},
  year      = {2012}
}

@article{Neves2009,
author = {Neves, Ana},
year = {2009},
month = {12},
pages = {},
title = {Young learners and phonological variation in the Portuguese mesolect of Cape Verde},
journal = {Linguistica Online}
}
