
@techreport{edmiston_2003,
	title = {Alamblak Organised Phonology Data},
	url = {https://www.sil.org/resources/archives/42279},
	author = {Edmiston, Melenda and Edmiston, Patrick},
	year = {2003}
}

@phdthesis{bruce_1979,
  author     = {Bruce Jr., Leslie P.},
  pages      = {572},
  school     = {Australian National University},
  title      = {A Grammar of Alamblak (Papua New Guinea)},
  year       = {1979}
}

@book{bruce_1984,
  address               = {Canberra},
  author                = {Bruce Jr., Leslie P.},
  number                = {81},
  pages                 = {iv+361},
  publisher             = {Research School of Pacific and Asian Studies, Australian National University},
  series                = {Pacific Linguistics: Series {C}},
  title                 = {The Alamblak Language of Papua New Guinea (East Sepik)},
  volume                = {81},
  year                  = {1984}
}

@article{blevins_2009,
	title = {Low {Vowel} {Dissimilation} {Outside} of {Oceanic}: {The} {Case} of {Alamblak}},
	volume = {48},
	copyright = {University of Hawai'i Press},
	url = {http://www.jstor.com/stable/40783539},
	number = {2},
	journal = {Oceanic Linguistics},
	author = {Blevins, Juliette},
	month = dec,
	year = {2009},
	pages = {477--483}
}

@article{dye_1968,
	title = {The {Sepik} {Hill} {Languages}: {A} {Preliminary} {Report}},
	volume = {39},
	url = {http://www.jstor.com/stable/40329762},
	number = {2},
	journal = {Oceania},
	author = {Dye, W and Townsend, P and Townsend, W},
	month = dec,
	year = {1968},
	pages = {146--156}
}

@InBook{bruce_1975,
  author    = {Bruce Jr., Leslie P.},
  booktitle     = {Papers in New Guinea Linguistics No. 18},
  publisher = {Pacific Linguistics, The Australian National University},
  year      = {1975},
  editor    = {Conrad, R. and Dye, W. and Thomson, N. P., and Bruce Jr., L. P.},
  title   = {Alamblak Alveopalatals - Dead Portmanteaus},
  pages     = {91-102},
}
