
@article{caballero_templatic_2007,
	title = {“{Templatic} backcopying” in {Guarijio} abbreviated reduplication},
	volume = {16},
	issn = {1871-5621, 1871-5656},
	url = {http://link.springer.com/10.1007/s11525-007-9108-8},
	doi = {10.1007/s11525-007-9108-8},
	language = {en},
	number = {2},
	urldate = {2019-09-25},
	journal = {Morphology},
	author = {Caballero, Gabriela},
	month = jun,
	year = {2007},
	pages = {273--289}
}

@phdthesis{felix_armendariz_grammar_2005,
	address = {Houston, Texas},
	title = {A {Grammar} of {River} {Warihío}},
	school = {Rice University},
	author = {Félix Armendáriz, Rolando Gpe.},
	month = nov,
	year = {2005}
}

@inproceedings{haugen_laryngeals_2014,
	address = {New Haven, CT.},
	title = {Laryngeals in {Guarijío} ({Uto}-{Aztecan}): {Synchrony}},
	booktitle = {In {Proceedings} of the {Workshop} on the {Sound} {Systems} of {Mexico} and {Central} {America}},
	publisher = {Department of Liguistics, Yale University},
	author = {Haugen, Jason D.},
	year = {2014},
	pages = {15}
}

@book{miller_guarijio_1993,
	address = {México, D.F},
	edition = {1. ed},
	series = {Archivo de lenguas indígenas de {México}},
	title = {Guarijío de {Arechuyvo}, {Chihuahua}},
	isbn = {978-968-12-0520-1},
	language = {spanah},
	number = {16},
	publisher = {Colegio de México},
	author = {Miller, Wick R.},
	year = {1993},
	keywords = {Phonology, Grammar, Guarijío language, Mexico Arechuyvo},
	annote = {Spanish and Aztec}
}
