
@incollection{jones_yawa_1986,
	address = {The Australian National University, Canberra},
	series = {Pacific {Linguistics} {A}},
	title = {Yawa phonology},
	copyright = {CC BY-SA 4.0},
	url = {http://sealang.net/archives/pl/pdf/PL-A74.1.pdf},
	language = {en},
	number = {74},
	urldate = {2019-09-23},
	booktitle = {Papers in {New} {Guinea} {Linguistics} {No}. 25},
	publisher = {Pacific Linguistics},
	author = {Jones, Linda K.},
	editor = {Wurm, S. A.},
	collaborator = {Jones, Larry B. and Merlan, Francesca and Rumsey, Alan and Reimer, Martha and Martin, David L. and Sheldon, Deidre and Oguri, Hiroko},
	year = {1986},
	pages = {1--30}
}

@incollection{jones_dialects_1968,
	address = {The Australian National University, Canberra},
	series = {Pacific {Linguistics} {A}},
	title = {The dialects of {Yawa}},
	number = {74},
	booktitle = {Papers in {New} {Guinea} {Linguistics} {No}. 25},
	publisher = {Pacific Linguistics},
	author = {Jones, Larry B.},
	editor = {Wurm, S. A.},
	collaborator = {Jones, Linda K. and Merlan, Francesca and Rumsey, Alan and Reimer, Martha and Martin, David L. and Sheldon, Deidre and Oguri, Hiroko},
	year = {1968},
	pages = {31--68}
}


@article{jones_pronunciation_1989,
	title = {Pronunciation of {Yawa}},
	journal = {Summer Institute of Linguistics},
	author = {Jones, Linda K. and Paai, Zeth and Paai, Yohanes},
	year = {1989},
	pages = {4}
}
