
@phdthesis{sabogal_variable_2018,
	address = {Albuquerque, New Mexico},
	title = {The variable expression of transitive subject and possessor in {Wayuunaiki} ({Guajiro})},
	school = {University of New Mexico},
	author = {Sabogal, Andres M.},
	month = jul,
	year = {2018}
}

@article{holmer_goajiro_1949,
	title = {Goajiro ({Arawak}) {I}: {Phonology}},
	volume = {15},
	number = {1},
	journal = {International Journal of American Linguistics},
	author = {Holmer, Nils M.},
	month = jan,
	year = {1949},
	pages = {45--46}
}

@book{alvarez_manual_2017,
	title = {Manual de la lengua {Wayuu}},
	publisher = {Organización Indígena De La Guajira Yanama},
	author = {Álvarez, José},
	year = {2017}
}

@book{mansen_aprendamos_1984,
	address = {[S.l},
	edition = {1a ed},
	title = {Aprendamos guajiro: gramática pedagógica de guajiro},
	isbn = {978-0-88312-228-0},
	shorttitle = {Aprendamos guajiro},
	publisher = {s.n},
	author = {Mansen, Richard},
	year = {1984}
}
