@Manuscript{Olkkonen2001,
  author  = {Soini Olkkonen},
  title   = {Borong Organised Phonology Data},
  publisher = {SIL International},
  year    = {2001},
}

@Manuscript{Olkkonen2000,
  author  = {Soini Olkkonen},
  title   = {Borong Phonology},
  publisher = {SIL International},
  year    = {2000},
}
