@incollection{Conrad1978,
  address    = {Ukarumpa},
  author     = {Conrad, Robert J. and Lukas, Joshua and Alungum, John},
  booktitle  = {Miscellaneous papers on Dobu and Arapesh},
  editor     = {Richard Loving},
  pages      = {89-130},
  publisher  = {Summer Institute of Linguistics},
  series     = {Workpapers in Papua New Guinea Languages},
  title      = {Some Muhiang grammatical notes},
  url        = {http://www.sil.org/pacific/png/abstract.asp?id=15292},
  volume     = {25},
  year       = {1978}
}

@Misc{Conrad1977,
  author = {Conrad, Robert J. and Lukas, Joshua and Alungum, John},
  title  = {Preliminary Phonology of Mufian (Southern Arapesh)},
  year   = {1977},
}

@Misc{Conrad1992,
  author       = {Conrad, Robert J.},
  title        = {Mufian Organised Phonology Data},
  howpublished = {SIL},
  month        = mar,
  year         = {1992},
}
