@Article{Lichtman2010,
  author  = {Karen Lichtman and Shawn Chang and Jennifer Cramer and Claudia Crespo del Rio and Amanda Huensch and Alexandra Morales and Jill Hallett},
  title   = {IPA illustration of Q'anjob'al},
  journal = {Studies in the Linguistic Sciences: Illinois Working Papers},
  year    = {2010},
  pages   = {1-23},
}

@InBook{Toledo2017,
  chapter   = {Q'anjob'al},
  pages     = {533-569},
  title     = {The Mayan Languages},
  publisher = {Routledge},
  year      = {2017},
  author    = {Eladio Mateo Toledo},
  editor    = {Judish Aissen and Nora C. England and Roberto Zavala Maldonado},
}
