% Encoding: UTF-8

@Book{JvHorne1974,
  author    = {Horne, Elinor Clark},
  title     = {Javanese-English Dictionary},
  publisher = {Yale University Press},
  year      = {1974},
}

@Book{JvNothofer1975,
  author    = {Nothofer, Bernd},
  title     = {The Reconstruction of Proto-Malayo-Javonic},
  year      = {1975},
}

@Misc{JvOmniglot,
  title     = {Javanese alphabet (Carakan)},
  author    = {Omniglot},
  url       = {http://www.omniglot.com/writing/javanese.htm},
  accessed  = {2019-02-04},
}

@Book{JvRobson2014,
  author    = {Robson, Stuart},
  title     = {{Javanese Grammar for Students}: A Graded Introduction, 3rd Edition},
  publisher = {Monash University Publishing},
  year      = {2014},
}

@Misc{JvRomanization,
  title     = {Javanese, Sundanese, and Madurese romanization table},
  author    = {Library of Congress},
  url       = {https://www.loc.gov/catdir/cpso/romanization/javanese.pdf},
  accessed  = {2019-02-04},
}

@InCollection{JvSuharno1982,
  author    = {Suharno, Ignatius},
  title     = {Chapter 1: {The Javanese Phonemes}},
  booktitle = {A Descriptive Study of Javanese},
  year      = {1982},
}

@Misc{JvWolffChart1982,
  author    = {{Wolff, John U.} and {Poedjosoedarmo, Soepomo}},
  booktitle = {Communicative Codes in Central Java},
  page      = {3},
  publisher = {Cornell University Publishing},
  year      = {1982},
}

@Comment{jabref-meta: databaseType:bibtex;}
