
@book{harkins_modern_1980,
	address = {New York},
	title = {A modern {Czech} grammar},
	isbn = {978-0-231-09937-0},
	language = {English},
	publisher = {Kingʹs Crown Press},
	author = {Harkins, William E and Hnyková, Marie},
	year = {1980},
	note = {OCLC: 63845811}
}

@article{simackova_czech_2012,
	title = {Czech spoken in {Bohemia} and {Moravia}},
	volume = {42},
	issn = {0025-1003, 1475-3502},
	url = {https://www.cambridge.org/core/product/identifier/S0025100312000102/type/journal_article},
	doi = {10.1017/S0025100312000102},
	abstract = {As a western Slavic language of the Indo-European family, Czech is closest to Slovak and Polish. It is spoken as a native language by nearly 10 million people in the Czech Republic (Czech Statistical Office n.d.). About two million people living abroad, mostly in the USA, Canada, Austria, Germany, Slovakia, and the UK, claim Czech heritage (Ministry of Foreign Affairs of the Czech Republic 2009). However, it is not known how many of them are native speakers of Czech.},
	language = {en},
	number = {2},
	urldate = {2019-08-29},
	journal = {Journal of the International Phonetic Association},
	author = {Šimáčková, Šárka and Podlipský, Václav Jonáš and Chládková, Kateřina},
	month = aug,
	year = {2012},
	pages = {225--232},
	file = {Full Text:files/129/Šimáčková et al. - 2012 - Czech spoken in Bohemia and Moravia.pdf:application/pdf}
}

@phdthesis{bican_phonotactics_2011,
	address = {Brno, Czechia},
	title = {Phonotactics of {Czech}},
	school = {Masaryk University},
	author = {Bičan, Aleš},
	year = {2011}
}

@book{sussex_slavic_2006,
	address = {Cambridge},
	edition = {1. publ},
	series = {Cambridge language surveys},
	title = {The {Slavic} languages},
	isbn = {978-0-521-29448-5 978-0-521-22315-7},
	language = {eng},
	publisher = {Cambridge Univ. Press},
	author = {Sussex, Roland and Cubberley, Paul V.},
	year = {2006},
	note = {OCLC: 249660761},
	annote = {Literaturverz. S. 603 - 620},
	file = {Table of Contents PDF:files/133/Sussex and Cubberley - 2006 - The Slavic languages.pdf:application/pdf}
}

@Book{Machac2009,
  title     = {Principles of Phonetic Segmentation},
  publisher = {Nakladatelství Epocha},
  year      = {2009},
  author    = {Pavel Machač and Radek Skarnitzl},
}

@inproceedings{Skarnitzl2005,
  title={Czech voiced labiodental continuant discrimination from basic acoustic data},
  author={Radek Skarnitzl and Jan Volín},
  booktitle={INTERSPEECH},
  year={2005}
}
