@Article{Chen2019,
  author  = {Chen, Eric},
  title   = {Phonological Reconstruction of Proto-Kampa Consonants},
  journal = {Berkeley Papers in Formal Linguistics},
  year    = {2019},
  volume  = {2},
  number  = {1},
  pages   = {57},
}

@book{Lee1980,
  address                     = {Yarinacocha, Pucallpa, Perú},
  author                      = {Kindberg, Lee},
  pages                       = {466},
  publisher                   = {Instituto Lingüı́stico de Verano},
  series                      = {Documento de Trabajo},
  title                       = {Diccionario Asháninca},
  url                         = {http://www.sil.org/americas/peru/show_work.asp?id=21433},
  volume                      = {19},
  year                        = {1980}
}

@InProceedings{Buttner1991,
  author    = {Thomas Th. Buttner},
  title     = {Aspects of language planning in Ashaninka (Eastern Peru)},
  booktitle = {Standardization of national languages},
  year      = {1991},
}

@InProceedings{Mihas2019,
  author    = {Maxwell E. Mihas},
  title     = {Phonetic exponence of word-level stress in Ashaninka (Arawak)},
  booktitle = {Proceedings of the 19th International Congress of Phonetic Sciences},
  year      = {2019},
}
