% Encoding: UTF-8

@Book{KlCollis1990,
  editor    = {Collis, Dirmid R. F.},
  title     = {Arctic Languages: An Awakening},
  publisher = {United Nations Educational, Scientific and Cultural Organization},
  year      = {1990},
  note      = {"The chapters I've used were written by Michael Fortescue and Robert Petersen."},
}

@Book{KlRischel1974,
  author    = {Rischel, JÃ¸rgen},
  title     = {{Topics in West Greenlandic phonology}: regularities underlying the phonetic appearance of wordforms in a polysynthetic language},
  publisher = {Akademisk Forlag},
  year      = {1974},
}

@Comment{jabref-meta: databaseType:bibtex;}
