@Book{Topintzi2016,
  title     = {Onsets: Suprasegmental and Prosodic Behavior},
  publisher = {Cambridge University Press},
  year      = {2016},
  author    = {Topintzi, Nina},
  isbn      = {0521493358},
  date      = {2016-02-03},
  ean       = {9780521493352},
  pagetotal = {284},
  url       = {https://www.ebook.de/de/product/10047162/nina_topintzi_onsets.html},
}

@Article{Carvalho2013,
  author  = {Fernando O. de Carvalho},
  title   = {On Záparoan as a valid genetic unity: Preliminary correspondences and the status of Omurano},
  journal = {Revista Brasileira de Linguística Antropológica},
  year    = {2013},
  volume  = {5},
  number  = {1},
}

@Book{Rich1999,
  title     = {Diccionario: Arabela-Castellano},
  publisher = {Instituto Lingüística Peruana},
  year      = {1999},
  author    = {Rolland G. Rich},
  editor    = {Mary Ruth Wise},
}

@InBook{Rich1963,
  chapter   = {Arabela phonemes and high-level phonology},
  pages     = {193-206},
  title     = {Studies in Peruvian Indian Languages 1},
  publisher = {Summer Institute of Linguistics of the University of Oklahoma},
  year      = {1963},
  author    = {Furne Rich},
  editor    = {Viola G. Waterhouse},
}
