% Encoding: UTF-8

@InCollection{QuzEbina2011,
  author    = {Ebina, Daisuke},
  title     = {Cusco Quechua},
  booktitle = {Grammatical Sketches from the Field},
  publisher = {{Research Institute for Languages and Cultures of Asia and Africa}, Tokyo University of Foreign Studies},
  year      = {2011},
  editor    = {Yamakoshi, Yasuhiro},
  pages     = {1-40},
}

@InCollection{QuzMannheim1982,
  author    = {{Mannheim, Bruce} and {Newfield, Madeleine}},
  title     = {Iconicity in Phonological Change},
  booktitle = {Papers from the 5th International Conference on Historical Linguistics},
  publisher = {John Benjamins B.V.},
  year      = {1982},
  editor    = {Ahlqvist, Anders},
  pages     = {211-222},
}

@Article{QuzParker1996,
  author  = {{Parker, Steve} and {Weber, David}},
  title   = {Glottalized and Aspirated Stops in Cuzco Quechua},
  journal = {International Journal of American Linguistics},
  year    = {1996},
  pages   = {70-85},
}

@Comment{jabref-meta: databaseType:bibtex;}
