
@phdthesis{bronzino_loanword_nodate,
	address = {Bryn Mawr, Pennsylvania},
	title = {Loanword {Adaptation} in {Spanish} and {Mapudungun}: a {Phonological} and {Sociolinguistic} {Analysis}},
	school = {Bryn Mawr College},
	author = {Bronzino, Dana},
	month = dec
}

@book{smeets_grammar_2008,
	address = {Berlin ; New York},
	series = {Mouton grammar library},
	title = {A grammar of {Mapuche}},
	isbn = {978-3-11-019558-3},
	number = {41},
	publisher = {Mouton de Gruyter},
	author = {Smeets, Ineke},
	year = {2008},
	keywords = {Phonology, Grammar, Mapuche language, Morphosyntax}
}

@article{sadowsky_mapudungun_2013,
	title = {Mapudungun},
	volume = {43},
	issn = {0025-1003, 1475-3502},
	url = {https://www.cambridge.org/core/product/identifier/S0025100312000369/type/journal_article},
	doi = {10.1017/S0025100312000369},
	language = {en},
	number = {1},
	urldate = {2019-10-02},
	journal = {Journal of the International Phonetic Association},
	author = {Sadowsky, Scott and Painequeo, Héctor and Salamanca, Gastón and Avelino, Heriberto},
	month = apr,
	year = {2013},
	pages = {87--96},
	file = {Full Text:files/216/Sadowsky et al. - 2013 - Mapudungun.pdf:application/pdf}
}
