% Encoding: UTF-8

@InBook{Ray2003,
  chapter   = {Oriya},
  pages     = {444-476},
  title     = {The Indo-Aryan Languages},
  publisher = {Taylor \& Francis Ltd},
  year      = {2003},
  author    = {Tapas S. Ray},
  editor    = {George Cardona and Dhanesh Jain},
  isbn      = {0700711309},
  date      = {2003-07-10},
  ean       = {9780700711307},
  pagetotal = {1088},
  url       = {https://www.ebook.de/de/product/5389506/the_indo_aryan_languages.html},
}

@InBook{Mahapatra1996,
  chapter   = {Part VI South Asian Writing Systems},
  pages     = {404-407},
  title     = {The World's Writing Systemd},
  publisher = {Oxford University Press},
  year      = {1996},
  author    = {B. P. Mahapatra},
  editor    = {Peter T. Daniels and William Bright},
}

@PhdThesis{Mohapatra2016,
  author = {Ramesh Kumar Mohapatra},
  title  = {Handwritten Character Recognition of a Vernacular Language: The Odia Script},
  school = {National Institute of Technology Rourkela},
  year   = {2016},
}

@Book{Giri2011,
  title     = {Computer Translation Style \& Convention Guide for Odia},
  publisher = {FUEL Project},
  year      = {2011},
  author    = {Manoj Kumar Giri},
}

@Article{Pattanayak1959,
  author  = {D. P. Pattanayak},
  title   = {Nasal Phonemes in Oriya},
  journal = {Indian Linguistics},
  year    = {1959},
}

@Conference{Ishida2002,
  author    = {Richard Ishida},
  title     = {An Introduction to Indic Scripts},
  booktitle = {22nd International Unicode Conference},
  year      = {2002},
}

@Misc{NBGP2018,
  author = {Neo-Brahmi Generation Panel},
  title  = {Proposal for an Oriya Script Root Zone Label Generation Ruleset (LGR)},
  year   = {2018},
}

@InBook{Mahapatra1989,
  chapter   = {Oriya},
  pages     = {357-394},
  title     = {The Written Languages of the World: A Survey of the Degree and Modes of Use : India : Book 1 Constitutional Languages},
  publisher = {Pr De L'Universite Laval},
  year      = {1989},
  author    = {B. P. Mahapatra and G. D. McConnel},
  editor    = {H. Kloss and G. D. McConnell},
  isbn      = {2-7637-7186-6},
  url       = {https://www.amazon.com/Written-Languages-World-Survey-Constitutional/dp/2763771866?SubscriptionId=AKIAIOBINVZYXZQZ2U3A&tag=chimbori05-20&linkCode=xm2&camp=2025&creative=165953&creativeASIN=2763771866},
}

@Comment{jabref-meta: databaseType:bibtex;}
