@book{Bailey1975,
  address               = {Ukarumpa},
  author                = {Bailey, David A.},
  pages                 = {130},
  publisher             = {Summer Institute of Linguistics},
  series                = {Workpapers in Papua New Guinea Languages},
  title                 = {Abau language: Phonology and grammar},
  volume                = {9},
  year                  = {1975}
}

@book{Foley2018,
	title = {The Uralic Languages},
	chapter = {The Languages of the Sepik-Ramu Basin and Environs},
	author = {Foley, William A.},
	editor = {Palmer, Bill},
	year = {2018},
	publisher = {De Gruyter},
	pages = {287--289}
}

@Misc{SIL1997,
  title        = {Abau Organised Phonology Data},
  howpublished = {SIL},
  year         = {1997},
  note         = {Data checked by: Arjen Lock 1997 (based on 12 years work)},
}

@misc{Lock2007,
  author     = {Lock, Arjen},
  title      = {Phonology essentials Abau language},
  url        = {http://www.sil.org/pacific/png/abstract.asp?id=49649},
  year       = {2007},
  country    = {Papua New Guinea [PG]},
  hhtype     = {grammar_sketch (computerized assignment from "essentials")},
  inlg       = {English [eng]},
  lgcode     = {Abau [aau]},
  macro_area = {Papunesia},
  sil_id     = {49649},
  src        = {sil16},
  subject    = {Phonological descriptions [PHD]}
}

@book{Lock2011,
  address    = {Papua New Guinea},
  author     = {Lock, Arjen},
  pages      = {xii+483},
  publisher  = {SIL-PNG Academic Publications},
  series     = {Data Papers on Papua New Guinea Languages},
  title      = {Abau grammar},
  volume     = {57},
  year       = {2011}
}
