@book{Dayley1985,
  address               = {Berkeley and Los Angeles},
  author                = {Jon P. Dayley},
  note                  = {Bibliography: p. 409-412},
  pages                 = {xvi+412},
  publisher             = {University of California Press},
  series                = {University of California Publications in Linguistics},
  title                 = {Tzutujil Grammar},
  volume                = {107},
  year                  = {1985}
}
