% Encoding: UTF-8

@Book{TgBaizoyev2004,
  author    = {{Baizoyev, Azim} and {Hayward, John}},
  title     = {A Beginner's Guide to Tajiki},
  publisher = {Routledge Curzon},
  year      = {2004},
}

@Book{TgIdo2005,
  author    = {Ido, Shinji},
  title     = {Tajik},
  publisher = {Lincom Europa},
  year      = {2005},
}

@Book{TgKhojayori2009,
  author    = {{Khojayori, Nasrullo} and {Thompson, Mikael}},
  title     = {Tajiki Reference Grammar for Beginners},
  publisher = {Georgetown University Press},
  year      = {2009},
}

@Comment{jabref-meta: databaseType:bibtex;}
