@article{johnson1972haitian,
  title={Haitian Creole: surface phonology},
  author={Johnson, Bruce Lee and Alphonse-F{\'e}r{\`e}re, G{\'e}rard},
  journal={Journal of the International Phonetic Association},
  volume={2},
  number={2},
  pages={35--39},
  year={1972},
  publisher={Cambridge University Press}
}

@article{faraclas2010orthography,
  title={Orthography},
  author={Faraclas, Nicholas and Spears, Arthur and Barrows, Elizabeth and Pi{\~n}eiro, Mayra Cortes},
  journal={The Haitian Creole Language: History, Structure, Use and Education. New York: Lexington Books/Rowman and Littlefield},
  pages={83--106},
  year={2010}
}

@Article{Kraemer2016,
  author    = {Philipp Kr√§mer},
  title     = {Haitian Creole. Structure, Variation, Status, Origin. Albert Valdman (2015) Sheffield and Bristol, {CT}, Equinox {ISBN} 978-1845533885. Pp. 494},
  journal   = {Sociolinguistic Studies},
  year      = {2016},
  volume    = {11},
  number    = {1},
  pages     = {225--235},
  month     = {sep},
  doi       = {10.1558/sols.31957},
  publisher = {Equinox Publishing},
}

@Misc{Pindziak2012,
  author = {Charles J. Pindziak},
  title  = {Haitian Creole Phonology: Summary and Analysis},
  year   = {2012},
}

@Book{Gurevich2004,
  title     = {Lenition and Contrast},
  publisher = {Routledge},
  year      = {2004},
  author    = {Gurevich, Naomi},
}
