@book{aronson_kiziria_1999,
	place = {Bloomington, IN},
	title = {Georgian language and culture: a continuing course},
	publisher = {Slavica},
	author = {Aronson, Howard I. and Kiziria, Dodona},
	year = {1999}
}

@book{kaye_1997,
	place = {Winona Lake, IN},
	title = {Phonologies of Asia and Africa: (including the Caucasus)},
	publisher = {Eisenbrauns},
	author = {Kaye, Alan S.},
	year = {1997}
}

@article{shosted_chikovani_2006,
	title = {Standard Georgian},
	volume = {36},
	DOI = {10.1017/s0025100306002659},
	number = {02},
	journal = {Journal of the International Phonetic Association},
	author = {Shosted, Ryan K. and Chikovani, Vakhtang},
	year = {2006},
	pages = {255}
}

@book{hewitt1995,
	address = {Amsterdam ; Philadelphia},
	series = {London {Oriental} and {African} language library},
	title = {Georgian: a structural reference grammar},
	isbn = {978-90-272-3802-3 978-1-55619-726-0},
	shorttitle = {Georgian},
	number = {v. 2},
	publisher = {J. Benjamins Pub. Co},
	author = {Hewitt, B. G.},
	year = {1995},
	keywords = {Grammar, Georgian language}
}
