% Encoding: UTF-8

@Article{NhrKagaya1978,
  author  = {Kagaya, Ryohei},
  title   = {A Phonetic Sketch of Naron around Ghanzi},
  journal = {Journal of Asian and African Studies},
  year    = {1978},
  pages   = {29-63},
}

@InCollection{NhrVisser1998,
  author    = {Visser, Hessel},
  title     = {The Phonological System of Naro},
  booktitle = {Language, identity, and conceptualization among the Khoisan},
  publisher = {Rüdiger Köppe},
  year      = {1998},
  editor    = {Schladt, Mathias},
  pages     = {117-136},
}

@Book{NhrVisser2001,
  author    = {Visser, Hessel},
  title     = {{Naro Dictionary}: Naro-English, English-Naro},
  publisher = {Naro Language Project / SIL International},
  year      = {2001},
}

@Comment{jabref-meta: databaseType:bibtex;}
