@Article{Sebastian2008,
  author    = {Rittma Urquía Sebastián and Stephen A. Marlett},
  title     = {Yine},
  journal   = {Journal of the International Phonetic Association},
  year      = {2008},
  volume    = {38},
  number    = {3},
  pages     = {365--369},
  month     = {dec},
  doi       = {10.1017/s0025100308003356},
  publisher = {Cambridge University Press ({CUP})},
}

@InBook{Bisso2009,
  chapter   = {El caso de la normalización del alfabeto de la lengua Yine},
  pages     = {50-73},
  title     = {El vuelo de la luciérnaga},
  publisher = {UNICEF},
  year      = {2009},
  author    = {Alejandro Smith Bisso},
  volume    = {3},
}

@Book{Nies2008,
  title     = {Diccionario Piro},
  publisher = {Ministerio de Educación and Instituto Lingüístico de Verano},
  year      = {2008},
  author    = {Joyce Nies},
  editor    = {Mary Ruth Wise},
}
