% Encoding: UTF-8

@PHDThesis{CbtBarraza2005,
  author       = {Julia Barraza de García, Yris},
  title        = {El Sistema Verbal en la Lingua Shawi},
  school       = {Universidad Federal de Pernambuco},
  year         = {2005},
}

@InCollection{CbtHart1976,
  author    = {{Hart, George}, {Hart, Helen}, and {Powlinson, Esther}},
  title     = {La Fonologia del Chayahuita},
  journal   = {Datos Etno-Lingüisticos},
  year      = {1976},
  volume    = {28},
  pages     = {1-19},
}

@Misc{CbtOrthography,
  author    = {Hart, Helen},
  booktitle = {Diccionario chayahuita-castellano},
  publisher = {Instituto Linguistico de Verano},
  year      = {1988},
}

@Misc{CbtPhonemesUCB,
  title     = {Shawi Phoneme Inventory},
  url       = {http://linguistics.berkeley.edu/~saphon/en/inv/Shawi.html},
  accessed  = {2019-04-27},
}

@Comment{jabref-meta: databaseType:bibtex;}
