% Encoding: UTF-8

@Book{BclMattes2014,
  author    = {Mattes, Veronika},
  title     = {Types of Reduplication: A Case Study of Bikol},
  publisher = {De Gruyter},
  year      = {2014},
}

@Book{BclMintzD1971,
  author    = {Mintz, Malcolm W.},
  title     = {Bikol Dictionary},
  publisher = {University of Hawai'i Press},
  year      = {1971},
}

@Comment{jabref-meta: databaseType:bibtex;}
