% Encoding: UTF-8

@InCollection{SuzBaskaran2009,
  author    = {Baskaran, S. Ganesh},
  title     = {Sunwar},
  booktitle = {Sikkim: Part-I},
  publisher = {Language Division Office of the Registrar General & Census Commissioner},
  year      = {2009},
  pages     = {614-674},
}

@Book{SuzBorchers2008,
  author    = {Borchers, Dörte},
  title     = {{A Grammar of Sunwar}: Descriptive Grammar, Paradigms, Texts and Glossary},
  publisher = {Brill},
  year      = {2008},
}

@PHDThesis{SuzRapacha2005,
  author    = {Rapacha, Lal B.},
  title     = {A Descriptive Grammar of Kirānti-Kõits},
  school    = {Jawaharlal Nehru University},
  year      = {2013},
}

@Comment{jabref-meta: databaseType:bibtex;}
