
@book{ott_diccionario_1983,
	title = {Diccionario ignaciano y castellano, con apuntes gramaticales},
	publisher = {Cochabamba: Instituto Linguistico de Verano},
	author = {Ott, Willis and Ott, Rebecca B.},
	collaborator = {The Long New Foundation},
	year = {1983}
}

@article{ott_phonemes_1967,
	title = {Phonemes of the {Ignaciano} {Language}},
	volume = {5},
	number = {35},
	journal = {Linguistics},
	author = {Ott, Willis and Ott, Rebecca B.},
	year = {1967},
	pages = {56--60}
}

@incollection{ott_fonemas_1959,
	title = {Fonemas de la lengua ignaciana},
	volume = {1},
	booktitle = {Notas {Lingüísticas} de {Bolivia}},
	publisher = {La Paz: Instituto Linguistico de Verano},
	author = {Ott, Willis and Ott, Rebecca B.},
	year = {1959}
}

@incollection{ott_ignaciano_1967,
	address = {Norman},
	series = {Summer {Institute} of {Linguistics} {Publications} in {Linguistics} and {Related} {Fields}},
	title = {Ignaciano},
	volume = {1},
	url = {https://www.sil.org/resources/archives/8446},
	number = {16},
	booktitle = {Bolivian {Indian} {Grammars}},
	publisher = {Summer Institute of Linguistics of the University of Oklahoma},
	author = {Ott, Willis and Ott, Rebecca B.},
	editor = {Matteson, Esther},
	year = {1967},
	pages = {85--137}
}

@article{danielsen_2011,
	title = {The {Personal} {Paradigms} in {Baure} and {Other} {Southern} {Arawakan} {Languages}},
	volume = {77},
	url = {https://www.jstor.org/stable/10.1086/662154},
	number = {4},
	journal = {International Journal of American Linguistics},
	author = {Danielsen, Swintha},
	month = oct,
	year = {2011},
	pages = {495--520}
}
