
@book{Sanzheeva1962,
	title = {Grammar of {Buryat}: {Phonetics} and morphology},
	url = {https://altaica.ru/LIBRARY/mong/BuriatGrammar.pdf},
	language = {Russian},
	author = {Sanzheev, G.D.},
	year = {1962}
}

@article{khabtagateva_2013,
	title = {The {Buryat} {People} and their {Language}},
	journal = {Journal of Endangered Languages},
	author = {Khabtagateva, Bayarma},
	year = {2013},
	pages = {155--176}
}

@article{staroverov_2020,
	title = {Buriat dorsal epenthesis is not reproduced with novel morphemes},
	volume = {60},
	doi = {10.5842/60-0-756},
	journal = {Stellenbosch Papers in Linguistics Plus},
	author = {Staroverov, Peter},
	year = {2020},
	pages = {43--69}
}

@phdthesis{graber_2012,
	type = {Dissertation},
	title = {Knowledge and {Authority} in {Shift}: {A} {Linguistic} {Ethnography} of {Multilingual} {News} {Media} in the {Buryat} {Territories} of {Russia}},
	url = {https://deepblue.lib.umich.edu/bitstream/handle/2027.42/91451/kegraber_1.pdf?sequence=1&isAllowed=y},
	school = {University of Michigan},
	author = {Graber, Kathryn Elizabeth},
	year = {2012}
}

@InProceedings{Radnaeva2006,
  author    = {Radnaeva, Ljubov},
  title     = {Phonetic research of the sound form of Modern Buryat language},
  booktitle = {Proceedings of teh XIth International Conference "Speech and Computer"},
  year      = {2006},
}

@InProceedings{Radnaeva2003,
  author    = {Radnaeva, Ljubov},
  title     = {The two types of transcription (The Buryat Language Database)},
  booktitle = {Proceedings of the 15th International Congress of Phonetic Sciences},
  year      = {2003},
}
