% Encoding: UTF-8

@Book{PauJosephs1975,
  author    = {Josephs, Lewis S.},
  title     = {Palauan Reference Grammar},
  publisher = {University of Hawai'i Press},
  year      = {1975},
}

@Book{PauJosephs1977,
  author    = {Josephs, Lewis S.},
  title     = {New Palauan-English Dictionary},
  publisher = {University of Hawai'i Press},
  year      = {1977},
}

@Misc{PauZuraw,
  author    = {Zuraw, Kie},
  title     = {Vowel Reduction in Palauan Reduplicants},
}

@Comment{jabref-meta: databaseType:bibtex;}
