
@article{salcedo_phonological_2010,
	title = {The {Phonological} {System} of {Spanish}},
	volume = {5},
	journal = {Revista de Lingüística y Lenguas Aplicadas},
	author = {Salcedo, Claudia S.},
	year = {2010}
}

@misc{villanueva-reyes_spanishenglish_nodate,
	address = {University of Puerto Rico, Medical Sciences Campus},
	title = {Spanish/{English} {Contrastive} {Phonology}},
	author = {Villanueva-Reyes, Albert}
}

@phdthesis{harris_spanish_1967,
	title = {Spanish phonology},
	url = {http://hdl.handle.net/1721.1/12999},
	school = {Massachusetts Institute of Technology},
	author = {Harris, James W.},
	year = {1967}
}

@misc{de_pereira_pronunciation_nodate,
	address = {Napa Valley College},
	title = {Pronunciation of the {Spanish} {Alphabet}},
	url = {http://www.napavalley.edu/people/mpereira/Documents/All%20sections/Gu%C3%ADa%20de%20pronunciaci%C3%B3n.pdf},
	author = {de Pereira, Elizalde}
}

@article{bauer_lenition_2008,
	title = {Lenition {Revisited}},
	volume = {44},
	url = {https://www.jstor.org/stable/40058066},
	number = {3},
	journal = {Journal of Linguistics},
	author = {Bauer, Laurie},
	month = nov,
	year = {2008},
	pages = {605--624}
}

@article{vasilescu_exploring_2018,
	title = {Exploring temporal reduction in dialectal {Spanish}: a large-scale study of lenition of voiced stops and coda-s},
	url = {http://dx.doi.org/10.21437/Interspeech.2018-1256},
	doi = {10.21437/Interspeech.2018-1256},
	journal = {Interspeech 2018},
	author = {Vasilescu, Ioana and Hernandez, Nidia and Vieru, Bianca and Lamel, Lori},
	year = {2018},
	pages = {2728--2732}
}

@misc{mackenzie_linguistics_1999,
	title = {The {Linguistics} of {Spanish}},
	url = {https://www.staff.ncl.ac.uk/i.e.mackenzie/index.html},
	journal = {Newcastle University},
	author = {Mackenzie, Ian},
	year = {1999}
}

@article{chitoran_hiatus_2007,
	title = {From hiatus to diphthong: the evolution of vowel sequences in {Romance}},
	volume = {24},
	url = {https://www.cambridge.org/core/services/aop-cambridge-core/content/view/010DD6C7A5EC889C011E449A276F0B86/S095267570700111Xa.pdf/from_hiatus_to_diphthong_the_evolution_of_vowel_sequences_in_romance.pdf},
	doi = {doi:10.1017/S095267570700111X},
	journal = {Phonology},
	author = {Chitoran, Ioana and Hualde, José Ignacio},
	year = {2007},
	pages = {37--75}
}

@InProceedings{Schmidt2011,
  author    = {Lauren B. Schmidt and Erik W. Willis},
  title     = {Systematic Investigation of Voicing Assimilation of Spanish /s/ in Mexico City},
  booktitle = {Selected Proceedings of the 5th Conference on Laboratory Approaches to Romance Phonology},
  year      = {2011},
  editor    = {Scott M. Alvord},
}

@article{Coester1925,
 author = {Alfred Coester},
 journal = {Hispania},
 number = {2},
 pages = {109--116},
 publisher = {American Association of Teachers of Spanish and Portuguese},
 title = {México or Méjico?},
 volume = {8},
 year = {1925}
}

@Article{Martnez-Celdrn2003,
  author    = {Eugenio Martnez-Celdrn and Ana Ma. Fernndez-Planas and Josefina Carrera-Sabat},
  title     = {Castilian Spanish},
  journal   = {Journal of the International Phonetic Association},
  year      = {2003},
  volume    = {33},
  number    = {2},
  pages     = {255--259},
  month     = {dec},
  doi       = {10.1017/s0025100303001373},
  publisher = {Cambridge University Press ({CUP})},
}
