% Encoding: UTF-8

@Book{ChoBroadwell2005,
  author    = {Broadwell, George Aaron},
  title     = {A Choctaw Reference Grammar},
  publisher = {University of Nebraska Press},
  year      = {2005},
}

@InCollection{ChoNicklas1975,
  author    = {Nicklas, Thurston Dale},
  title     = {Choctaw Morphophonemics},
  booktitle = {Studies in southeastern Indian languages},
  publisher = {University of Georgia Press},
  year      = {1975},
  editor    = {Crawford, James M.},
  pages     = {237-249},
}

@PHDThesis{ChoUlrich1986,
  author       = {Ulrich, Charles Howard},
  title        = {Choctaw Morphophonology},
  school       = {University of California, Los Angeles},
  year         = {1986},
}

@Comment{jabref-meta: databaseType:bibtex;}
