
@book{manczak-wohlfeld_studies_2010,
	title = {Studies on the {Turkic} {World}},
	publisher = {Jagiellonian University Press},
	author = {Mańczak-Wohlfeld, Elźbieta and Podolak, Barbara},
	year = {2010}
}

@phdthesis{mccollum_labial_2015,
	title = {Labial {Harmony} in {Kazakh}: {Descriptive} and {Theoretical} {Issues}},
	school = {University of Florida},
	author = {McCollum, Adam G.},
	year = {2015}
}

@incollection{kirchner_kazakh_1998,
	title = {Kazakh and {Karakalpak}},
	booktitle = {The {Turkic} {Languages}},
	publisher = {Routledge},
	author = {Kirchner, Mark},
	editor = {Johnson, Lars and Csató-Johanson, Éva},
	year = {1998},
	pages = {318--321}
}

@misc{washington_evidence_2009,
	title = {Evidence for the {Sonority} {Scale} in {Kazakh}},
	author = {Washington, Jonathan North},
	month = mar,
	year = {2009}
}