
@article{ceder_dedua_2003,
	title = {Dedua Organized Phonology Data},
	journaltitle = {{SIL} Langauge and Culture Archives},
	author = {Ceder, Sune and Ceder, Britt},
	date = {2003}
}

@InBook{McEvoy2005,
  chapter   = {Phonology Essentials Migabac Language},
  pages     = {261-302},
  title     = {Phonological descriptions of Papua New Guinea languages},
  publisher = {Summer Institute of Linguistics},
  year      = {2005},
  author    = {Steve McEvoy},
}
