
@book{rubino_ilocano:_1998,
	address = {New York},
	title = {Ilocano: {Ilocano}-{English}, {English}-{Ilocano} dictionary and phrasebook},
	isbn = {978-0-7818-0642-8},
	shorttitle = {Ilocano},
	publisher = {Hippocrene Books},
	editor = {Rubino, Carl R. Galvez},
	year = {1998},
	keywords = {Conversation and phrase books English, Dictionaries English, Dictionaries Iloko, English language, Iloko language}
}

@book{rubino_ilocano_2000,
	address = {Honolulu},
	series = {{PALI} language texts},
	title = {Ilocano dictionary and grammar: {Ilocano}-{English}, {English}-{Ilocano}},
	isbn = {978-0-8248-2088-6},
	shorttitle = {Ilocano dictionary and grammar},
	language = {engilo},
	publisher = {University of Hawai'i Press},
	author = {Rubino, Carl R. Galvez},
	year = {2000},
	keywords = {English language, Iloko language, Dictionaries, English, Grammar, Iloko}
}

@book{constantino_ilokano_1971,
	address = {Honolulu},
	series = {{PALI} language texts: {Philippines}},
	title = {Ilokano reference grammar},
	isbn = {978-0-87022-153-8},
	publisher = {University of Hawaii Press},
	author = {Constantino, Ernesto},
	year = {1971},
	keywords = {Iloko language, Grammar}
}

@article{yamamoto_phonological_2017,
	title = {A phonological sketch of {Ilocano}},
	volume = {36},
	journal = {Kyoto University Linguistic Research},
	author = {Yamamoto, Kyosuke},
	year = {2017},
	pages = {21--49}
}
