
@incollection{short_slovak_1993,
	address = {London ; New York},
	series = {Routledge reference},
	title = {Slovak},
	isbn = {978-0-415-04755-5},
	booktitle = {The {Slavonic} {Languages}},
	publisher = {Routledge},
	author = {Short, David},
	editor = {Comrie, Bernard and Corbett, Greville G.},
	year = {1993},
	pages = {533-- 592}
}

@article{hanulikova_slovak_2010,
	title = {Slovak},
	volume = {40},
	issn = {0025-1003, 1475-3502},
	url = {https://www.cambridge.org/core/product/identifier/S0025100310000162/type/journal_article},
	doi = {10.1017/S0025100310000162},
	abstract = {Slovak (sometimes also called Slovakian) is an Indo-European language belonging to the West-Slavic branch, and is most closely related to Czech. Slovak is spoken as a native language by 4.6 million speakers in Slovakia (that is by roughly 85\% of the population), and by over two million Slovaks living abroad, most of them in the USA, the Czech Republic, Hungary, Canada and Great Britain (Office for Slovaks Living Abroad 2009).},
	language = {en},
	number = {3},
	urldate = {2019-07-24},
	journal = {Journal of the International Phonetic Association},
	author = {Hanulíková, Adriana and Hamann, Silke},
	month = dec,
	year = {2010},
	pages = {373--378},
	file = {Full Text:C\:\\Users\\emmst\\Zotero\\storage\\5F5R5N5X\\Hanulíková and Hamann - 2010 - Slovak.pdf:application/pdf}
}

@book{rubach_lexical_1993,
	address = {Oxford : New York},
	series = {The {Phonology} of the world's languages},
	title = {The lexical phonology of {Slovak}},
	isbn = {978-0-19-824000-6},
	publisher = {Clarendon Press ; Oxford University Press},
	author = {Rubach, Jerzy},
	year = {1993},
	keywords = {Grammar, Generative, Lexical phonology, Phonology, Slovak language}
}

@incollection{altmann_phoneme-grapheme_2008,
	address = {Berlin},
	series = {Quantitative linguistics},
	title = {The phoneme-grapheme relation in {Slovak}},
	volume = {79 - 87},
	isbn = {978-3-11-019641-2},
	language = {eng},
	number = {63},
	booktitle = {Analyses of script: properties of characters and writing systems},
	publisher = {Mouton de Gruyter},
	author = {Nemcová, Emília and Altmann, Gabriel},
	editor = {Altmann, Gabriel and Fengxiang, Fan},
	year = {2008},
	note = {OCLC: 228139586},
	annote = {Includes bibliographical references and index},
	file = {Table of Contents PDF:C\:\\Users\\emmst\\Zotero\\storage\\EF65Y4DP\\Altmann and Fengxiang - 2008 - Analyses of script properties of characters and w.pdf:application/pdf}
}

@misc{wiki:xxx,
	author = "{Wikipedia contributors}",
	title = "Postalveolar consonant --- {Wikipedia}{,} The Free Encyclopedia",
	year = "2004",
	url = {https://en.wikipedia.org/wiki/Postalveolar_consonant},
	note = "[Online; accessed 26-March-2019]"
}
