% Encoding: UTF-8

@Book{ShiApplegate1958,
  author    = {Applegate, Joseph R.},
  title     = {An Outline of the Structure of Shilha},
  publisher = {American Council of Learned Societies},
  year      = {1958},
}

@Book{ShiDray2001,
  author    = {Dray, Maurice},
  title     = {Dictionnaire Berbère-Français},
  publisher = {L'Harmattan},
  year      = {2001},
}

@InCollection{ShiKossmann1996,
  author    = {{Kossmann, Maarten G.} and {Stroomer, Harry J.}},
  title     = {Berber Phonology},
  booktitle = {Phonologies of Asia and Africa},
  publisher = {Routledge},
  year      = {1996},
  editor    = {{Kaye, Alan S.} and {Daniels, Peter T.}},
  pages     = {461-476},
}

@Article{ShiRidouane2008,
  author  = {Ridouane, Rachid},
  title   = {{Syllables without Vowels}: Phonetic and Phonological Evidence from Tashlhiyt Berber},
  journal = {Phonology},
  volume  = {25},
  year    = {2008},
  pages   = {321-359},
}

@Comment{jabref-meta: databaseType:bibtex;}
