@Article{DeSilva1969,
  author  = {M. W. Sugathapala DeSilva},
  title   = {The Phonological Efficiency of the Maldivian Writing System},
  journal = {Anthropological Linguistics},
  year    = {1969},
}

@book{Cain2000,
  address               = {MÃ¼nchen},
  author                = {Bruce D. Cain and James W. Gair},
  pages                 = {iv+69},
  publisher             = {Lincom},
  series                = {Languages of the World/Materials},
  title                 = {Dhivehi (Maldivian)},
  volume                = {63},
  year                  = {2000}
}

@Article{Gnanadesikan2012,
  author    = {Amalia E. Gnanadesikan},
  title     = {Maldivian Thaana, Japanese kana, and the representation of moras in writing},
  journal   = {Writing Systems Research},
  year      = {2012},
  volume    = {4},
  number    = {1},
  pages     = {91--102},
  month     = {apr},
  doi       = {10.1080/17586801.2012.693459},
  publisher = {Informa {UK} Limited},
}

@Book{Gnanadesikan2016,
  title     = {Dhivehi},
  publisher = {de Gruyter Oldenbourg},
  year      = {2016},
  author    = {Gnanadesikan, Amalia E.},
  date      = {2016-12-05},
  ean       = {9781501500763},
  pagetotal = {363},
  url       = {https://www.ebook.de/de/product/28476343/amalia_e_gnanadesikan_dhivehi.html},
}
