@book{Capell1971,
  address               = {Canberra},
  author                = {Arthur Capell},
  pages                 = {iv+90+8},
  publisher             = {Research School of Pacific and Asian Studies, Australian National University},
  series                = {Pacific Linguistics: Series B},
  title                 = {Arosi Grammar},
  volume                = {20},
  year                  = {1971}
}

@Book{Lynch2001,
  title     = {The Oceanic Languages},
  publisher = {Taylor \& Francis Ltd},
  year      = {2001},
  author    = {Lynch, John and Crowley, Terry and Ross, Malcolm D.},
}
