% Encoding: UTF-8

@Book{EmiBrownie2007,
  author    = {{Brownie, John} and {Brownie, Marjo}},
  title     = {Mussau Grammar Essentials},
  publisher = {SIL-PNG Academic Publications},
  year      = {2007},
}

@Misc{EmiBrownie2009,
  author    = {{Brownie, John} and {Brownie, Marjo}},
  title     = {{Organised Phonology Data: Mussau-Emira}, New Ireland Province},
  publisher = {SIL International},
  year      = {2009},
}

@InCollection{EmiRoss2002,
  author    = {Ross, Malcolm},
  title     = {Mussau},
  booktitle = {The Oceanic Languages},
  publisher = {Routledge},
  year      = {2002},
  editor    = {{Lynch, John}, {Ross, Malcolm}, and {Crowley, Terry}},
  pages     = {148-166},
}

@Comment{jabref-meta: databaseType:bibtex;}
