% Encoding: UTF-8

@InCollection{MtBorg1997,
  author    = {Borg, Alexander},
  title     = {Maltese Phonology},
  booktitle = {Phonologies of Asia and Africa},
  publisher = {Eisenbrauns},
  year      = {1997},
  editor    = {{Daniels, Peter T.} and {Kaye, Alan S.}},
  pages     = {245-285},
  address   = {Winona Lake, IN},
}

@MastersThesis{MtCamilleriGabra2013,
  title     = {A Computational Grammar and Lexicon for Maltese},
  author    = {Camilleri, John J.},
  school    = {Chalmers University of Technology},
  year      = {2013},
  url       = {http://mlrs.research.um.edu.mt/resources/gabra/},
  urldate   = {2018-10-04},
}

@Article{MtHume1996,
  author  = {Hume, Elizabeth},
  title   = {Coronal Consonant, Front Vowel Parallels in Maltese},
  journal = {Natural Language \& Linguistic Theory},
  year    = {1996},
  volume  = {14},
  pages   = {213-260},
}

@InCollection{MtHumeEtAl2009,
  author    = {{Hume, Elizabeth}, {Venditti, Jennifer}, {Vella, Alexandra}, and {Gett, Samantha}},
  title     = {Vowel Duration and Maltese 'gÄ§'},
  booktitle = {Introducing Maltese Linguistics: Selected papers from the 1st International Conference on Maltese Linguistics, Bremen, 18-20 October 2007},
  year      = {2009},
  editor    = {{Comrie, Bernard}, et al.},
  pages     = {15-46},
}

@Misc{MtOrtho1996,
  title     = {Table 59.25: Maltese Alphabet},
  year      = {1996},
  address   = {New York, NY},
  booktitle = {The World's Writing Systems},
  editor    = {{Daniels, Peter T.} and {Bright, William}},
  publisher = {Oxford University Press},
  url       = {https://archive.org/details/rosettaproject_mlt_ortho-1},
  urldate   = {2018-09-25},
}

@InCollection{MtPuech2016,
  author    = {Puech, Gilbert},
  title     = {Minimalist Representation of Maltese Sounds},
  booktitle = {Shifts and Patterns in Maltese},
  year      = {2016},
  editor    = {{Puech, Gilbert} and {Saade, Benjamin}},
}

@Misc{MtWiktionary,
  title     = {Wiktionary: Maltese Terms with IPA pronunciation},
  url       = {https://en.wiktionary.org/wiki/Category:Maltese_terms_with_IPA_pronunciation},
  urldate   = {2018-10-07},
}

@Comment{jabref-meta: databaseType:bibtex;}
