@book{Sheila2007,
  address          = {Cuiabá},
  author           = {Tremaine, Sheila},
  pages            = {viii+100},
  publisher        = {Assoc. Internacional de Lingüística- SIL Brasil},
  title            = {Dicionario Rikbaktsa-Portugues, Portugues-Rikbaktsa},
  url              = {http://www.sil.org/americas/brasil/PUBLCNS/DICTGRAM/RKDic.pdf},
  year             = {2007}
}

@mastersthesis{Silva2005,
  author                      = {Silva, Leia de Jesus},
  pages                       = {xv+88},
  publisher                   = {Brasília},
  school                      = {Universidade de Brasília},
  title                       = {Aspectos da fonologia e a morfologia da língua Rikbaktsa},
  year                        = {2005}
}

@book{Boswood1978,
  address    = {Brasília},
  author     = {Boswood, Joan},
  pages      = {108},
  publisher  = {Summer Institute of Linguistics},
  title      = {Quer falar a língua dos canoeiros? Rikbaktsa em 26 lições},
  year       = {1978}
}

@Misc{Lobato2018,
  author = {Lobato, Elani dos Anjos and Silva, Adailton Alves da},
  title  = {Aspectos Pedagógicos do povo Rikbakts: saberes e fazeres que marcam identidade},
  year   = {2018},
  note   = {1º Seminário de Práticas Docentes},
}
