@Book{JesusPerezAlonzo2007,
  title     = {Pujb'il Yol Mam: Diccionario Bilinüe Estándar Mam},
  publisher = {Oxlajuuj Keej Maya´Ajtzíib},
  year      = {2007},
  author    = {Juventino de Jesús Pérez Alonzo},
}

@Book{Baayil2001,
  title     = {Ttxoolil Qyool Mam: Gramática Mam},
  publisher = {CHOLSAMAJ},
  year      = {2001},
  author    = {Eduardo Gustavo Pérez Vaíl B'aayil and Odilio Jiménez Ajb'ee},
}

@Book{England2014,
  title     = {A Grammar of Mam, A Mayan Language (Texas Linguistics)},
  publisher = {University of Texas Press},
  year      = {2014},
  author    = {Nora C. England},
}
