@book{Petzell2008,
  address             = {Köln},
  author              = {Petzell, Malin},
  pages               = {234},
  publisher           = {Cologne: Rüdiger Köppe Verlag},
  series              = {East African languages and dialects},
  title               = {The Kagulu language of Tanzania: grammar, text and vocabulary},
  volume              = {19},
  year                = {2008},
  }
