% Encoding: UTF-8

@Book{KoreanGrammarLee,
  title     = {Korean Grammar},
  publisher = {Oxford University Press},
  year      = {1989},
  author    = {Hansol H. B. Lee},
}

@Book{KoreanSohn,
  title     = {Korean},
  publisher = {Korea University Press},
  year      = {2013},
  author    = {Ho-min Sohn},
}

@Book{KoreanLanguageLee,
  title     = {Korean Language},
  publisher = {State University of New York Press},
  year      = {2000},
  author    = {Iksop Lee},
  editor    = {Sung Bae Park},
}

@book{ahn2009korean,
  title={Korean phonology},
  author={Ahn, Sang-Cheol},
  year={2009},
  publisher={Saffron}
}

@book{choo2003sounds,
  title={The sounds of Korean: A pronunciation guide},
  author={Choo, Miho and O'Grady, William Delaney},
  year={2003},
  publisher={University of Hawaii Press}
}

@book{gim1971phonetics,
  title={Phonetics of korean},
  author={Gim, Sheon-gi},
  year={1971},
  publisher={My«íngji Taehak Ch'ulp'anbu}
}

@article{lee1993korean,
  title={Korean},
  author={Lee, Hyun Bok},
  journal={Journal of the International Phonetic Association},
  volume={23},
  number={1},
  pages={28--31},
  year={1993},
  publisher={Cambridge University Press}
}

@book{brown2015handbook,
  title={The handbook of Korean linguistics},
  author={Brown, Lucien and Yeon, Jaehoon},
  year={2015},
  publisher={John Wiley \& Sons}
}

@MastersThesis{Berrjod2014,
  author = {Victor Berrjod},
  title  = {Korean Vowel Systems: A Study of Vowel Systems in Seoul and Pyongyang},
  school = {University of Oslo},
  year   = {2014},
}

@Article{Kim1999,
  author    = {Hyunsoon Kim},
  title     = {The Place of Articulation of Korean Affricates Revisited},
  journal   = {Journal of East Asian Linguistics},
  year      = {1999},
  volume    = {8},
  number    = {4},
  pages     = {313--347},
  doi       = {10.1023/a:1008331010694},
  publisher = {Springer Science and Business Media {LLC}},
}

@Comment{jabref-meta: databaseType:bibtex;}
