
@book{wheeler_phonology_2005,
	title = {The {Phonology} of {Catalan}},
	publisher = {Oxford University Press},
	author = {Wheeler, Max W.},
	year = {2005}
}

@misc{mascaro_catalan_1972,
	title = {Catalan {Phonology} and the {Phonological} {Cycle}},
	url = {https://pure.mpg.de/rest/items/item_401169/component/file_401168/content},
	publisher = {Massachusetts Institute of Technology},
	author = {Mascaró, Joan},
	year = {1972}
}

@article{ignacio_hualde_review_2007,
	title = {Review of the {Phonology} of {Catalan} by {Max} {W}. {Wheeler}},
	volume = {24},
	url = {https://www.jstor.org/stable/pdf/4420301.pdf},
	number = {2},
	journal = {Phonology},
	author = {Ignacio Hualde, José},
	year = {2007},
	pages = {357--364}
}

@misc{noauthor_wiktionary:_nodate,
	title = {Wiktionary: {Catalan} terms with {IPA} pronunciation},
	url = {https://en.wiktionary.org/wiki/Category:Catalan_terms_with_IPA_pronunciation},
	journal = {Wiktionary}
}

@article{carbonell_illustrations_1992,
	title = {Illustrations of the {IPA}: {Catalan}},
	volume = {22},
	url = {https://www.cambridge.org/core/journals/journal-of-the-international-phonetic-association/article/catalan/A1CC2DA4CD615FBC48964FA275F5386A},
	doi = {https://doi.org/10.1017/S002510030000461},
	number = {1-2},
	journal = {Journal of the International Phonetic Association},
	author = {Carbonell, Joan F. and Llisterri, Joaquim},
	month = jun,
	year = {1992},
	pages = {53--56}
}