@Misc{Toland1992,
  author       = {Donald Toland},
  title        = {Rawa Organised Phonology Data},
  howpublished = {SIL},
  year         = {1992},
}

@Book{Toland1991,
  title     = {Reference Grammar of the Karo/Rawa Language},
  publisher = {SIL},
  year      = {1991},
  author    = {Norma R. Toland and Donald F. Toland},
  editor    = {John M. Clifton},
}
