% Encoding: UTF-8

@PhdThesis{AyBriggs1976,
  author    = {Briggs, Lucy Therina},
  title     = {Dialectal Variation in the Aymara Language of Bolivia and Peru},
  school    = {University of Florida},
  year      = {1976},
}

@Book{AyColer2014,
  author    = {Coler, Matt},
  title     = {{A Grammar of Muylaq' Aymara}: Aymara as spoken in Southern Peru},
  publisher = {Brill},
  year      = {2014},
}

@Book{AyHardman1981,
  author    = {Hardman, M.J.},
  title     = {{The Aymara Language in Its Social and Cultural Context}: A Collection of Essays on Aspects of Aymara Language and Culture},
  publisher = {University of Florida},
  year      = {1981},
}

@Book{AyWexler1967,
  author    = {Wexler, Paul},
  title     = {{Beginning Aymara}: A Course for English Speakers},
  publisher = {University of Washington},
  year      = {1967},
}

@Comment{jabref-meta: databaseType:bibtex;}
