
@book{rueter_2010,
	address = {Helinski},
	title = {Adnominal {Person} in the {Morphological} {System} of {Erzya}},
	publisher = {Société Finno-Ougrienne},
	author = {Rueter, Jack},
	year = {2010}
}

@article{aasmae_ross_2007,
	title = {The {Phonetics}-{Phonology} {Interface} of {Erzya} {Stress}: {Morphological} {Conditioning} of {Vowel} {Reduction}},
	volume = {XVI},
	journal = {ICPhS},
	author = {Aasmäe, Niina and Ross, Jaan},
	month = aug,
	year = {2007},
	pages = {1213--1216`}
}

@book{aasmae_2014,
	title = {An {Introductory} {Course} to the {Erzya} {Language}},
	author = {Aasmäe, Niina},
	editor = {Seilenthal, Tõnu},
	year = {2014}
}
