% Encoding: UTF-8


@book{YcnSchauerEtAl2005,
  address    = {Bogotá},
  author     = {Stanley Schauer and Junia Schauer and Eladio Yucuna and Walter Yucuna},
  pages      = {328},
  publisher  = {Editorial Fundación para el Desarrollo de los Pueblos Marginados},
  title      = {Meke kemakánaka puraáka'aloji wapura'akó chu, eyaá karíwana chu: Diccionario Bilingüe Yukuna-Español Español-Yukuna},
  year       = {2005}
}

@InCollection{YcnSchauer1967,
  author    = {Stanley Schauer and Junia Schauer},
  title     = {Yucuna Phonemics},
  booktitle = {Phonemic Systems of Colombian Languages},
  publisher = {Summer Institute of Linguistics},
  year      = {1967},
  editor    = {Elson, Benjamin F.},
  pages     = {61-72},
}

@InCollection{YcnSchauer1972,
  author    = {Stanley Schauer and Junia Schauer},
  title     = {Fonología del Yucuna},
  booktitle = {Sistemas Fonológicos de Idiomas Colombianos},
  year      = {1972},
  pages     = {61-72},
  note      = {"This seems to mostly be a Spanish translation of YcnSchauer1967, but it does feature an orthography section that wasn't in the English version, so I have included this source for that reason."},
}

@Comment{jabref-meta: databaseType:bibtex;}
