% Encoding: UTF-8

@Book{HmnBurt2010,
  author    = {Burt, Susan Meredith},
  title     = {{The Hmong Language in Wisconsin}: Language Shift and Pragmatic Change},
  publisher = {Edwin Mellen Press},
  year      = {2010},
}

@Article{HmnGolston2001,
  author  = {{Golston, Chris} and {Yang, Phong}},
  title   = {White Hmong Loanword Phonology},
  journal = {Proceedings of HILP},
  volume  = {5},
  year    = {2001},
}

@Article{HmnHuffman1987,
  author  = {Huffman, Marie K.},
  title   = {Measures of phonation type in Hmong},
  journal = {The Journal of the Acoustical Society of America},
  volume  = {81},
  pages   = {495-504},
  year    = {1987},
}

@Book{HmnLyman1979,
  author    = {Lyman, Thomas Amis},
  title     = {Grammar of Mong Njua (Green Miao)},
  year      = {1979},
}

@Misc{HmnMortensen2004,
  author    = {Mortensen, David},
  title     = {Preliminaries to Mong Leng (Hmong Njua) Phonology},
  year      = {2004},
  url       = {https://web.archive.org/web/20121029161008/http://www.pitt.edu/~drm31/mong_leng_phonology.pdf},
}

@Book{HmnWhitelock1982,
  author    = {Whitelock, Doris},
  title     = {White Hmong Language Lessons},
  publisher = {Southeast Asian Refugee Studies, Occasional Papers},
  year      = {1982},
}

@Comment{jabref-meta: databaseType:bibtex;}
