
@article{ramos_tagalog_1971,
	title = {Tagalog {Structures}},
	journal = {Honolulu: University of Hawaii Press},
	author = {Ramos, Tersita V.},
	year = {1971}
}

@article{zuraw_role_2007,
	title = {The {Role} of {Phonetic} {Knowledge} in {Phonological} {Patterning}: {Corpus} and {Survey} {Evidence} from {Tagalog} {Infixation}},
	volume = {83},
	url = {http://www.jstor.org/stable/40070843},
	number = {2},
	journal = {Language},
	author = {Zuraw, Kie},
	month = jun,
	year = {2007},
	pages = {277--316}
}

@article{llamzon_tagalog_nodate,
	title = {Tagalog {Phonology}},
	volume = {8},
	url = {https://www.jstor.org/stable/30029139},
	number = {1},
	journal = {Anthropological Linguistics},
	author = {Llamzon, Teodoro A.},
	pages = {30--30}
}

@incollection{bernard_tagalog_1990,
	title = {Tagalog {Phonology} and {Orthography}},
	booktitle = {The {World}'s {Major} {Languages}},
	publisher = {Oxford University Press},
	author = {Bernard, Comrie},
	year = {1990},
	pages = {937--939}
}