% Encoding: UTF-8

@Article{BgGroen1988,
  author  = {Groen, B. M.},
  title   = {The Vocalic System of Contemporary Standard Bulgarian},
  journal = {Studies in Slavic and General Linguistics},
  year    = {1988},
  pages   = {181-192},
}

@Article{BgKlagstad1958,
  author  = {Klagstad, Harold L., Jr.},
  title   = {The Phonemic System of Colloquial Standard Bulgarian},
  journal = {The Slavic and East European Journal},
  year    = {1958},
  volume  = {2},
  pages   = {42-54},
}

@Book{BgHauge1999,
  author    = {Hauge, Kjetil RÃ¥},
  title     = {A Short Grammar of Contemporary Bulgarian},
  publisher = {Slavica Publishers},
  year      = {1999},
}

@Book{BgScatton1983,
  author    = {Scatton, Ernest A.},
  title     = {A Reference Grammar of Modern Bulgarian},
  publisher = {Slavica Publishers},
  year      = {1983},
}

@InCollection{BgScatton1993,
  author    = {Scatton, Ernest A.},
  title     = {Bulgarian},
  booktitle = {The Slavonic Languages},
  publisher = {Routledge},
  year      = {1993},
  editor    = {{Comrie, Bernard} and {Corbett, Greville}},
  pages     = {188-198},
}

@Comment{jabref-meta: databaseType:bibtex;}
