% Encoding: UTF-8

@Misc{OmwAVincent2003,
  author    = {Vincent, Alex},
  title     = {Dialects of the Tairora Language of the Eastern Highlands of Papua New Guinea},
  publisher = {SIL International},
  year      = {2003},
}

@Book{OmwLVincent2010,
  author    = {Vincent, Lois E.},
  title     = {Tairora-English Dictionary},
  publisher = {Wycliffe Bible Translators, Inc.},
  year      = {2010},
}

@Comment{jabref-meta: databaseType:bibtex;}
