
@phdthesis{lesho_2013,
	type = {Dissertation},
	title = {The {Sociophonetics} and {Phonology} of the {Cavite} {Chabacano} {Vowel} {System}},
	url = {https://etd.ohiolink.edu/!etd.send_file?accession=osu1388249508&disposition=inline},
	school = {Ohio State University},
	author = {Lesho, Marivic},
	year = {2013}
}

@article{toribia_1963,
	title = {The {Zamboangueno} {Chabacaño} {Grammar}},
	journal = {Far Eastern University Journal (Manila)},
	author = {Toribia, Maño},
	month = apr,
	year = {1963},
	pages = {672--682}
}

@article{lipski_2001,
	title = {Chabacano/{Spanish} and the {Philippine} linguistic identity},
	url = {https://pdfs.semanticscholar.org/19d0/928a2f926e7dcee81abe345b95215a56d10a.pdf},
	journal = {Pennsylvania State University},
	author = {Lipski, John M.},
	year = {2001}
}

@misc{mackenzie_2020,
	title = {Chabacano ({Philippine} creole {Spanish})},
	url = {https://www.staff.ncl.ac.uk/i.e.mackenzie/chavacano.htm},
	journal = {The Linguistics of Spanish},
	author = {Mackenzie, Ian},
	month = jul,
	year = {2020}
}

@Article{Ing1967,
  author  = {Ing, Roseller},
  title   = {A brief outline of Chabacano phonology},
  journal = {Le Maître Phonétique},
  year    = {1967},
}

@Book{Ing1968,
  title     = {A Phonological Analysis of Chabacano},
  publisher = {University College London},
  year      = {1968},
  author    = {Ing, Roseller},
}

@MastersThesis{Ramos1963,
  author = {Ramos, Felicidad G.},
  title  = {A contrastive analysis of the sound system of the Cavite Chavacano and the English languages},
  school = {Manila: Abad Santos Educational Institution},
  year   = {1963},
}
