
@misc{harrison_vowel_1999,
	title = {Vowel {Harmony} and {Disharmony} in {Tuvan} and {Tofa}},
	url = {https://pdfs.semanticscholar.org/3da1/17a7a50726943084b984c3cb2a7ecc3bbee6.pdf},
	publisher = {Yale University},
	author = {Harrison, K. David},
	month = jan,
	year = {1999}
}

@article{harrison_reduplication_2004,
	title = {Reduplication in {Tuvan}: {Exponence}, {Readjustment} and {Phonology}},
	url = {https://www.swarthmore.edu/SocSci/dharris2/harrisonraimy2004.pdf},
	journal = {MITWPL},
	author = {Harrison, K. David and Raimy, Eric},
	year = {2004}
}

@phdthesis{killackey_statistical_2013,
	title = {Statistical {Machine} {Translation} from {English} to {Tuvan}},
	url = {http://hdl.handle.net/10066/11084},
	school = {Swarthmore College},
	author = {Killackey, Rachel},
	year = {2013}
}

@phdthesis{harrison_topics_2000,
	type = {Dissertation},
	title = {Topics in the {Phonology} and {Morphology} of {Tuvan}},
	url = {https://www.swarthmore.edu/SocSci/dharris2/Harrison-Dissertation.pdf},
	school = {Yale University},
	author = {Harrison, K. David},
	month = sep,
	year = {2000}
}

@Misc{OBrien2010,
  author = {Jeremy O'Brien},
  title  = {Tone in Tuvan},
  month  = mar,
  year   = {2010},
}
