
@Article{Caballero2007,
  author  = {Gabriela Caballero},
  title   = {"Templatic backcopying" in Guarijio abbreviated reduplication},
  journal = {Morphology},
  year    = {2007},
}

@PhdThesis{FelixArmendariz2005,
  author = {Rolando Gpe. Félix Armendáriz},
  title  = {A Grammar of River Warihío},
  school = {Rice University},
  year   = {2005},
}

@InProceedings{Haugen2014,
  author    = {Jason D. Haugen},
  title     = {Laryngeals in Guarijío (Uto-Aztecan): Synchrony},
  booktitle = {In Proceedings of the Workshop on the Sound Systems in Mexico and Central America},
  year      = {2014},
}

@Book{Miller1993,
  title     = {Guarijio de Arechuyvo, Chihuahua},
  publisher = {EL COLEGIO ED MEXICO},
  year      = {1993},
  author    = {Miller, Wick R.},
  isbn      = {9681205200},
  date      = {1993-01-11},
  pagetotal = {160},
}
