% Encoding: UTF-8

@Misc{McqParlier1963,
  author    = {{Parlier, Jim} and {Parlier, Judy}},
  title     = {Managalasi Phonology},
  publisher = {Summer Institute of Linguistics},
  year      = {1963},
}

@Book{McqParlier1981,
  author    = {{Parlier, Jim} and {Parlier, Jaki}},
  title     = {Dictionaries of Papua New Guinea: Managalasi Language},
  publisher = {Summer Institute of Linguistics},
  year      = {1981},
}

@Misc{McqParlier1992,
  author    = {{Parlier, Jim} and {Parlier, Jaki}},
  title     = {Managalasi Organised Phonology Data},
  publisher = {SIL International},
  year      = {1992},
}

@Comment{jabref-meta: databaseType:bibtex;}
