@article{blevins1999trimoraic,
  title={Trimoraic feet in Gilbertese},
  author={Blevins, Juliette and Harrison, Sheldon P},
  journal={Oceanic Linguistics},
  volume={38},
  number={2},
  pages={203--230},
  year={1999},
  publisher={University of Hawai'i Press}
}