@Article{Anderson2006,
  author  = {Victoria Anderson and Yuko Otsuka},
  title   = {The Phonetics and Phonology of "Definitive Accent" in Tongan},
  journal = {Oceanic Linguistics},
  year    = {2006},
  volume  = {45},
  number  = {1},
}

@Article{Garellek2019,
  author    = {Marc Garellek and Marija Tabain},
  title     = {Tongan},
  journal   = {Journal of the International Phonetic Association},
  year      = {2019},
  pages     = {1--11},
  month     = {mar},
  doi       = {10.1017/s0025100318000397},
  publisher = {Cambridge University Press ({CUP})},
}

@phdthesis{Morton1962,
  address               = {Ann Arbor},
  author                = {Morton, Ermel Joseph},
  pages                 = {205},
  publisher             = {UMI},
  school                = {Indiana University},
  title                 = {A Descriptive Grammar of Tongan},
  year                  = {1962}
}

@Article{Schutz1994,
  author    = {Albert J. Schutz and Edgar Tu{\textquotesingle}inukuafe},
  title     = {A Simplified Dictionary of Modern Tongan},
  journal   = {Oceanic Linguistics},
  year      = {1994},
  volume    = {33},
  number    = {1},
  pages     = {262},
  month     = {jun},
  doi       = {10.2307/3623008},
  publisher = {{JSTOR}},
}
