@article{BakerKriegel2019,
	title = {Maritian Creole},
	journal = {The Survey of Pidgin and Creole Languages},
	volume = {2},
	author = {Baker, Philip and Kriegel, Sibylle},
	year = {2019},
	pages = {250--260}
}

@article{Baker2014,
	title = {Accounting For Contact-Induced Changes in Mauritian Creole},
	journal = {Workshop of Grammatical Hybridization and Social Conditions},
	author = {Baker, Philip},
	year = {2014},
	pages = {1--10}
}

@thesis{Guillemin2009,
	title = {The Mauritian Creole Noun Phrase: Its Form and Function},
	author = {Guillemin, Diana Mary},
	publisher = {The University of Queensland},
	year = {2009},
	pages = {1-380}
}

@Book{Carpooran2011,
  title     = {Lortograf Kreol Morisien},
  publisher = {Phoenix, Mauritius: Akademi Kreol Morisien},
  year      = {2011},
  author    = {Carpooran, Arnaud},
  note      = {Census 2011 - Statistics Report of 18th Census for the Republic of Mauritius},
}

@MastersThesis{Strandquist2003,
  author = {Strandquist, Rachel Eva},
  title  = {Article Incorporation in Mauritian Creole},
  school = {University of Victoria},
  year   = {2003},
}

@InBook{Klein2013,
  chapter   = {Typology of creole phonology},
  pages     = {207-244},
  title     = {Creole Languages and Linguistic Typology},
  publisher = {John Benjamins Publishing Company},
  year      = {2013},
  author    = {Klein, Thomas B.},
  editor    = {Bhatt, Parth and Veenstra Tonjes},
  isbn      = {9027271070},
  date      = {2013-12-18},
  ean       = {9789027271075},
  pagetotal = {284},
  url       = {https://www.ebook.de/de/product/24159819/creole_languages_and_linguistic_typology.html},
}
