@PhdThesis{Chen2018,
  author = {Chen, Mao-Hsu},
  title  = {Tone Sandhi Phenomena in Taiwan Southern Min},
  school = {University of Pennsylvania},
  year   = {2018},
}

@Article{Chiung2013,
  author  = {Chiung, Wi-vun},
  title   = {Missionary Scripts in Vietnam and Taiwan},
  journal = {Journal of Taiwanese Vernacular},
  year    = {2013},
}

@Article{ChuangFon2017,
  author  = {Chuang, Yu-Ying and Fon, Janice},
  title   = {On the Dialectal Variation of Voiced Sibilant /dz/ in Taiwan Min Young Speakers},
  journal = {Lingua Sinica},
  year    = {2017},
}

@Misc{Chung1996,
  author       = {Chung, R.},
  title        = {The Segmental Phonology of Southern Min in Taiwan},
  howpublished = {The Crane Publishing Co.},
  year         = {1996},
}

@InCollection{Lin1999,
  author    = {Lin, Alvin},
  title     = {Writing Taiwanese: The Development of Modern Written Taiwanese},
  publisher = {University of Pennsylvania},
  year      = {1999},
  number    = {89},
  series    = {Sino-Platonic Papers},
}

@PhdThesis{Ota2005,
  author = {Ota, Katsuhiro J.},
  title  = {An Investigation of Written Taiwanese},
  school = {University of Hawai'i},
  year   = {2005},
}

@PhdThesis{Ratte2009,
  author = {Ratte, Alexander T.},
  title  = {A Dialectal and Phonological Analysis of Penghu Taiwanes},
  school = {Williams College},
  year   = {2009},
}

@PhdThesis{Ratte2011,
  author = {Ratte, Alexander Takenobu},
  title  = {Contact-Induced Phonological Change in Taiwanese},
  school = {The Ohio State University},
  year   = {2011},
}

@Misc{ROCMOE1997,
  title        = {Taiwan Minnanyu Luomazi Pinyin Fang'an Shiyong Shouce},
  howpublished = {Taiwan Ministry of Education},
  year         = {1997},
}

@PhdThesis{Shih2012,
  author = {Shih, Ya-ting},
  title  = {Taiwaese-Guoyu Bilingual Children and Adults' Sibilant Fricative Production Patterns},
  school = {The Ohio State University},
  year   = {2012},
}

@Article{Tsay2007,
  author  = {Tsay, Jane S.},
  title   = {Construction and Automatization of a Minnan Child Speech Corpus with some Research Findings},
  journal = {Computational Linguistics and Chinese Language Processing},
  year    = {2007},
}

@InBook{Tsay2014,
  title   = {A Phonological Corpus of L1 Acquisition of Taiwan Southern Min},
  pages     = {576-587},
  booktitle     = {The Oxford Handbook of Corpus Phonology},
  publisher = {Oxford University Press},
  year      = {2014},
  author    = {Tsay, Jane S.},
  editor    = {Durand, Jacques and Gut, Ulrike and Kristoffersen, Gjert},
}
