
@Article{Laycock1965,
  author  = {Donald C. Laycock},
  title   = {Three Upper Sepik Phonologies},
  journal = {Oceanic Linguistics},
  year    = {1965},
}

@Misc{Laszlo1970,
  author = {Marilyn Laszlo and Judy Rehburg},
  title  = {Tentative Phonemic Statement (Papua New Guinea)},
  year   = {1970},
}

@Misc{2011,
  title = {Organised Phonology Data Sepik Iwam Language},
  month = sep,
  year  = {2011},
}
