% Encoding: UTF-8

@Article{Arvaniti1999,
  author  = {Arvaniti, Amalia},
  title   = {Standard Modern Greek},
  journal = {Journal of the International Phonetic Association},
  year    = {1999},
  volume  = {29},
  number  = {2},
  pages   = {167-172},
}

@InProceedings{Antoniou2008,
  author    = {Mark Antoniou and Catherine T. Best and Michael D. Tyler},
  title     = {Perceptual evidence of Modern Greek voiced stops as phonological categories},
  booktitle = {Interspeech},
  year      = {2008},
}

@Article{Arvaniti2007,
  author    = {Amalia Arvaniti},
  title     = {Greek {PhoneticsThe} State of the Art},
  journal   = {Journal of Greek Linguistics},
  year      = {2007},
  volume    = {8},
  number    = {1},
  pages     = {97--208},
  doi       = {10.1075/jgl.8.08arv},
  publisher = {Brill},
}

@Article{Ktori2008,
  author    = {Maria Ktori and Walter J. B. van Heuven and Nicola J. Pitchford},
  title     = {{GreekLex}: A lexical database of Modern Greek},
  journal   = {Behavior Research Methods},
  year      = {2008},
  volume    = {40},
  number    = {3},
  pages     = {773--783},
  month     = {aug},
  doi       = {10.3758/brm.40.3.773},
  publisher = {Springer Science and Business Media {LLC}},
}

@Article{Newton1961,
  author  = {Brian Newton},
  title   = {The Rephonemization of Modern Greek},
  journal = {Lingua},
  year    = {1961},
}

@Book{Mirambel1959,
  title     = {La Langue Grecque Moderne: Description et Analyse},
  publisher = {Librairie Klincksieck},
  year      = {1959},
  author    = {Andr√© Mirambel},
}

@Book{Householder1964,
  title     = {Reference Grammar of Literary Dhimotiki},
  publisher = {Indiana University Press},
  year      = {1964},
  author    = {Frederic W. Householder and Kostas Kazazis and Andreas Koutsoudas},
}

@Article{Dawkins1908,
  author  = {R. M. Dawkins},
  title   = {The Transliteration of Modern Greek},
  journal = {The Annual of the British School at Athens},
  year    = {1908},
}

@Article{Arvaniti2000,
  author  = {Amalia Arvaniti and Brian D. Joseph},
  title   = {Variation in voiced stop prenasalization in Greek},
  journal = {Glossologia},
  year    = {2000},
}

@Comment{jabref-meta: databaseType:bibtex;}
