@incollection{Bartholomew1987,
  address    = {Mexico},
  author     = {Bartholomew, Doris A. and Engel, Ralph},
  booktitle  = {Diccionario zoque de Francisco León},
  editor     = {Ralph Engel and Mary Engel},
  pages      = {329-416},
  publisher  = {Instituto Lingüístico de Verano},
  series     = {Vocabularios (y Diccionarios) Indígenas ”Mariano Silva y Aceves”},
  title      = {Gramática Zoque},
  volume     = {30},
  year       = {1987}
}
