@article{harry2006jamaican,
  title={Jamaican creole},
  author={Harry, Otelemate G},
  journal={Journal of the International Phonetic Association},
  volume={36},
  number={1},
  pages={125--131},
  year={2006},
  publisher={Cambridge University Press}
}

@article{devonish2008jamaican,
  title={Jamaican creole and jamaican english: Phonology},
  author={Devonish, Hubert and Harry, Otelemate G},
  journal={Varieties of english},
  volume={2},
  pages={256--289},
  year={2008},
  publisher={Edgar W. Schneider}
}

@Unpublished{Parsard,
  author = {Kyle Davin Parsard},
  title  = {Re-evaluating Relexification: The Case of Jamaican Creole},
}

@Article{Lawton1968,
  author  = {David L. Lawton},
  title   = {The Implications of Tone for Jamaican Creole},
  journal = {Anthropological Linguistics},
  year    = {1968},
  volume  = {10},
  number  = {6},
  pages   = {22-26},
  month   = jun,
}
