@InBook{Chapman1991,
  chapter   = {Paumarí},
  pages     = {161-354},
  title     = {Handbook Amazonian Languages},
  publisher = {De Gruyter Mouton},
  year      = {1991},
  author    = {Shirley Chapman and Desmond C. Derbyshire},
  editor    = {Desmond C. Derbyshire, Geoffrey K. Pullum},
  isbn      = {3110128365},
  date      = {1991-03-01},
  ean       = {9783110128369},
  pagetotal = {532},
}

@Article{Everett2003,
  author    = {Daniel L. Everett},
  title     = {Iambic Feet in Paumari and the Theory of Foot Structure},
  journal   = {Linguistic Discovery},
  year      = {2003},
  volume    = {2},
  number    = {1},
  doi       = {10.1349/ps1.1537-0852.a.263},
  publisher = {Dartmouth College Library Press},
}

@book{Chapman1998,
  address    = {Porto Velho, RO},
  author     = {Chapman, Shirley and Salzer, Meinke},
  pages      = {777},
  publisher  = {Sociedade Internacional de Lingüística},
  title      = {Dicionário bilíngue nas línguas paumarí e portuguesa},
  year       = {1998}
}
