
@article{speece1992,
	title = {Angave Organised Phonology Data},
	journaltitle = {{SIL} Langauge and Culture Archives},
	author = {Speece, Rick},
	date = {1992-12}
}

@inreference{speece2006,
	title = {Angave Dictionary},
	pages = {1--206},
	booktitle = {Languages of Papua New Guinea},
	publisher = {{SIL}},
	editor = {Speece, Rick},
	date = {2006}
}
