% Encoding: UTF-8

@Misc{VivLucht1992,
  author    = {Lucht, Ramona},
  title     = {Iduna Organised Phonology Data},
  publisher = {SIL International},
  year      = {1992},
}

@Book{VivSampson1965,
  author    = {{Sampson, Nancy} and {Huckett, Joyce}},
  title     = {Vivigani Phonemes},
  publisher = {Summer Institute of Linguistics},
  year      = {1965},
}

@Comment{jabref-meta: databaseType:bibtex;}
