@article{Habash2012,
author = {Habash, Nizar and Diab, Mona and Rambow, Owen},
year = {2012},
month = {01},
pages = {},
title = {Conventional Orthography for Dialectal Arabic},
journal = {Proceedings of the Language Resources and Evaluation Conference (LREC), Istanbul}
}

@Article{Boudelaa2010,
  author    = {Sami Boudelaa and William D. Marslen-Wilson},
  title     = {Aralex: A lexical database for Modern Standard Arabic},
  journal   = {Behavior Research Methods},
  year      = {2010},
  volume    = {42},
  number    = {2},
  pages     = {481--487},
  month     = {may},
  doi       = {10.3758/brm.42.2.481},
  publisher = {Springer Science and Business Media {LLC}},
}

@Article{Amayreh1998,
  author  = {Mousa M. Amayreh and Alice T. Dyson},
  title   = {The Acquisition of Arabic Consonants},
  journal = {Journal of Speech, Language, and Hearing Reasearch},
  year    = {1998},
}

@Article{Ibrahim2002,
  author    = {Raphiq Ibrahim and Zohar Eviatar and Judith Aharon-Peretz},
  title     = {The characteristics of Arabic orthography slow its processing.},
  journal   = {Neuropsychology},
  year      = {2002},
  volume    = {16},
  number    = {3},
  pages     = {322--326},
  doi       = {10.1037/0894-4105.16.3.322},
  publisher = {American Psychological Association ({APA})},
}

@Book{Awde2000,
  title     = {The Arabic Alphabet: How to Read and Write It},
  publisher = {LYLE STUART},
  year      = {2000},
  author    = {Awde, N.},
  isbn      = {0818404302},
  date      = {2000-10-01},
  ean       = {9780818404306},
  pagetotal = {95},
  url       = {https://www.ebook.de/de/product/3309537/n_awde_the_arabic_alphabet_how_to_read_and_write_it.html},
}

@inproceedings{Biadsy2009,
 author = {Biadsy, Fadi and Habash, Nizar and Hirschberg, Julia},
 title = {Improving the Arabic Pronunciation Dictionary for Phone and Word Recognition with Linguistically-based Pronunciation Rules},
 booktitle = {Proceedings of Human Language Technologies: The 2009 Annual Conference of the North American Chapter of the Association for Computational Linguistics},
 series = {NAACL '09},
 year = {2009},
 isbn = {978-1-932432-41-1},
 location = {Boulder, Colorado},
 pages = {397--405},
 numpages = {9},
 url = {http://dl.acm.org/citation.cfm?id=1620754.1620812},
 acmid = {1620812},
 publisher = {Association for Computational Linguistics},
 address = {Stroudsburg, PA, USA},
}

@Book{Habash2010,
  title     = {Introduction to Arabic Natural Language Processing},
  publisher = {Morgan \& Claypool},
  year      = {2010},
  author    = {Nizar Y. Habash},
}

@Book{Coulmas2008,
  title     = {Writing Systems},
  publisher = {Cambridge University Press},
  year      = {2008},
  author    = {Coulmas, Florian},
  isbn      = {0521787378},
  date      = {2008-02-29},
  ean       = {9780521787376},
  pagetotal = {292},
  url       = {https://www.ebook.de/de/product/3255945/florian_coulmas_writing_systems.html},
}

@Article{Yurtbasi2016,
  author  = {Metin Yurtbaşı},
  title   = {Sura Yusuf in Full IPA (Segmental-Suprasegmental) Transcription with English Translation},
  journal = {International Journal of Arts and Humanities and Social Sciences},
  year    = {2016},
}

@InCollection{Saiegh-Haddad2014,
  author    = {Elinor Saiegh-Haddad and Roni Henkin-Roitfarb},
  title     = {The Structure of Arabic Language and Orthography},
  booktitle = {Literacy Studies},
  publisher = {Springer Netherlands},
  year      = {2014},
  pages     = {3--28},
  doi       = {10.1007/978-94-017-8545-7_1},
}

@article{Ibrahim2019,
author = {Ibrahim, Abdulateef},
year = {2019},
month = {04},
pages = {},
title = {Glottal Stop in Arabic with Reference to English: Phonological and Orthographical Study},
volume = {( 2016 M- 1437 e)}
}
