% Encoding: UTF-8

@Article{JIPA2009,
  author  = {Rajesh Khatiwada},
  title   = {Nepali},
  journal = {Journal of the International Phonetic Association},
  year    = {2009},
  volume  = {39},
  number  = {3},
}

@Book{Acharya1991,
  title     = {Descriptive Grammar of Nepali and an Analyzed Corpus},
  publisher = {Georgetown Univ Pr},
  year      = {1991},
  author    = {Jayaraj Acharya},
}

@Misc{Bal2004,
  author       = {Bal Krishna Bal},
  title        = {Structure of Nepali Grammar},
  howpublished = {Madan Puraskar Pustakalaya},
  year         = {2004},
}

@PhdThesis{Pokharel1989,
  author = {Pokharel, Madhav Prasad},
  title  = {Experimental analysis of Nepali sound system},
  school = {University of Pune},
  year   = {1989},
}

@Comment{jabref-meta: databaseType:bibtex;}
