@Book{Guillaume2008,
  title     = {A Grammar of Cavineña},
  publisher = {De Gruyter Mouton},
  year      = {2008},
  author    = {Guillaume, Antoine},
  isbn      = {3110188422},
  date      = {2008-07-15},
  ean       = {9783110188424},
  pagetotal = {936},
  url       = {https://www.ebook.de/de/product/7764766/antoine_guillaume_a_grammar_of_cavinena.html},
}

@book{Camp1989,
  address    = {Dallas},
  author     = {Camp, Elizabeth L. and Liccardi, Millicent R.},
  publisher  = {SIL},
  title      = {Diccionario cavineña-castellano, castellano-cavineña, con bosquejo de la gramática cavineña},
  year       = {1989}
}

@book{Key1968,
  address    = {The Hague},
  author     = {Key, Mary R.},
  publisher  = {Mouton},
  title      = {Comparative Tacanan phonology},
  year       = {1968}
}

@Book{Hayes1994,
  title     = {Metrical Stress Theory (Paper)},
  publisher = {University of Chicago Press},
  year      = {1994},
  author    = {Hayes, Bruce},
  isbn      = {0226321045},
  date      = {1994-11-01},
  ean       = {9780226321042},
  pagetotal = {472},
  url       = {https://www.ebook.de/de/product/3641005/bruce_hayes_metrical_stress_theory_paper.html},
}
