@book{hualde2004basque,
  title={Basque phonology},
  author={Hualde, Jos{\'e} Ignacio},
  year={2004},
  publisher={Routledge}
}

@book{de2008standard,
  title={Standard Basque: A progressive grammar},
  author={De Rijk, Rudolf PG and De Coene, Armand},
  year={2008},
  publisher={Mit Press Cambridge, MA}
}

@article{hualde2010goizueta,
  title={Goizueta Basque},
  author={Hualde, Jos{\'e} Ignacio and Lujanbio, Oihana and Zubiri, Juan Joxe},
  journal={Journal of the International Phonetic Association},
  volume={40},
  number={1},
  pages={113--127},
  year={2010},
  publisher={Cambridge University Press}
}