% Encoding: UTF-8

@Article{IuDorais1986,
  author  = {Dorais, Louis-Jacques},
  title   = {{Inuktitut Surface Phonology}: A Trans-Dialectal Survey},
  journal = {International Journal of American Linguistics},
  volume  = {52},
  year    = {1986},
  pages   = {20-53},
}

@InCollection{IuDorais1990,
  author    = {Dorais, Louis-Jacques},
  title     = {The Canadian Inuit and their Language},
  booktitle = {{Arctic Languages}: An Awakening},
  publisher = {Cambridge University Press},
  year      = {1990},
  editor    = {Collis, Dirmid R. F.},
  pages     = {185-290},
}

@Book{IuDorais2010,
  author    = {Dorais, Louis-Jacques},
  title     = {{Language of the Inuit}: Syntax, Semantics, and Society in the Arctic},
  publisher = {McGill-Queen's University Press},
  year      = {2010},
}

@Comment{jabref-meta: databaseType:bibtex;}
