@PhdThesis{Constenla1981,
  author = {Adolfo Constenla},
  title  = {Comparative Chibchan Phonology},
  school = {University of Pennsylvania},
  year   = {1981},
}

@Article{Yasugi1995,
  author  = {Yoshiho Yasugi},
  title   = {Native Middle American Languages},
  journal = {Senri Ethnological Studies},
  year    = {1995},
  volume  = {39},
  pages   = {3-481},
}

@article{Oakes2001,
  author     = {Oakes, Perry J.},
  journal    = {SIL Electronic Working Papers},
  title      = {A description of Teribe phonology},
  url        = {http://www.sil.org/silewp/2001/003/},
  volume     = {2001-003},
  year       = {2001}
}

@article{Murillo2004,
  address    = {San José},
  author     = {Jara Murillo and Carla Victoria},
  journal    = {Estudios de Lingüística Chibcha},
  pages      = {89-120},
  title      = {Observaciones para el estudio dialectológico de la lengua Bribri},
  volume     = {XXIII},
  year       = {2004}
}

@book{Garcia1995,
  address               = {[Valencia]},
  author                = {López García, Angel},
  pages                 = {85},
  publisher             = {[Universidad de Valencia]},
  series                = {De Acá para Allá - Lenguas y Culturas Amerindias},
  title                 = {Presentación de las lenguas y culturas chibchas},
  volume                = {3},
  year                  = {1995}
}

@book{Peña1996,
  address    = {San José},
  author     = {Margery Peña, Enrique},
  edition    = {2},
  pages      = {lxxxiv+160},
  publisher  = {Editorial de la Universidad de Costa Rica},
  title      = {Diccionario fraseológico Bribri-Español Español-Bribri},
  year       = {1996}
}

@Article{Wetzels2018,
  author  = {W. Leo Wetzels and Andrew Nevins},
  title   = {Prenasalized and postoralized consonants: The diverse functions of enhancement},
  journal = {Language},
  year    = {2018},
  volume  = {94},
  number  = {4},
}

@PhdThesis{Jara1995,
  author = {Carla Victoria Jara},
  title  = {Text and Context of the Suwo': Bribri Oral Tradition},
  school = {Louisiana State University},
  year   = {1995},
}

@Misc{Chevrier2017,
  author       = {Natacha Chevrier},
  title        = {Aerodynamic and articulatory explanations for the presence of nasal consonants in oral contexts in Bribri (Chibchan, Costa Rica)},
  howpublished = {Poster},
  year         = {2017},
}

@book{Murillo2009,
  address    = {San José, Costa Rica},
  author     = {Jara Murillo, Carla Victoria and García Segura, Alí},
  pages      = {180},
  publisher  = {Universidad de Costa Rica},
  title      = {Se' ẽ' yawö bribri wa: Aprendemos la lengua bribri},
  year       = {2009}
}

@article{Schlabach1974,
  author     = {Schlabach, Raymond A.},
  journal    = {Area Indígena/Aldeia Indígena (Brasil)},
  number     = {2},
  pages      = {355-362},
  title      = {Los fonemas del bribrí del Valle de Talamanca},
  volume     = {34},
  year       = {1974}
}

@book{Wilson1982,
  address    = {San Jose},
  author     = {Wilson, Jack and others},
  publisher  = {Editorial de Universidad de Costa Rica},
  title      = {Diccionario Bribri-Espanol Espanol-Bribri},
  year       = {1982}
}
