@article{tadmor2009malay,
  title={Malay-Indonesian},
  author={Tadmor, Uri},
  journal={The worldâ€™s major languages},
  pages={791--818},
  year={2009},
  publisher={Routledge London}
}

@article{soderberg2008indonesian,
  title={Indonesian},
  author={Soderberg, Craig D and Olson, Kenneth S},
  journal={Journal of the International Phonetic Association},
  volume={38},
  number={2},
  pages={209--213},
  year={2008},
  publisher={Cambridge University Press}
}

@book{echols1989indonesian,
  title={An Indonesian-English Dictionary},
  author={Echols, John M and Shadily, Hassan and Wolff, John U},
  volume={2},
  year={1989},
  publisher={Cornell University Press}
}