@article{Gregersen1976,
  author     = {Edgar A. Gregersen},
  journal    = {Anthropological Linguistics},
  number     = {3},
  pages      = {95-111},
  title      = {A Note on the Manam Language of Papua New Guinea},
  volume     = {18},
  year       = {1976}
}

@InBook{Turner1995,
  chapter   = {Manam},
  title     = {Comparative Austronesian Dictionary},
  publisher = {Mouton de Gruyter},
  year      = {1995},
  author    = {Blaine P. Turner},
  editor    = {Darrell T. Tyron},
}

@book{Lichtenberk1983,
  address               = {Honolulu},
  author                = {Frantisek Lichtenberk},
  pages                 = {xxiii+647},
  publisher             = {University of Hawaii Press},
  series                = {Oceanic Linguistics Special Publication},
  title                 = {A Grammar of Manam},
  volume                = {18},
  year                  = {1983}
}

@book{Martens1985,
  address    = {Notes on Linguistics 32},
  author     = {Martens, Michael P.},
  publisher  = {27-28},
  title      = {Review of: a grammar of Manam, by Frantisek Lichtenberk},
  year       = {1985}
}
