@article{fischeraingae,
  title={A’ingae (Cof{\'a}n/Kof{\'a}n)},
  author={Fischer, Rafael and Hengeveld, Kees},
  journal={Amazonian Languages: An International Handbook},
  volume={1}
}

@article{repettiaingae,
  title={A’ingae (Cof{\'a}n)},
  author={Repetti-Ludlow, Chiara and Zhang, Haoru and Lucitante, Hugo and AnderBois, Scott and Sanker, Chelsea},
  journal={Journal of the International Phonetic Association},
  pages={1--14},
  publisher={Cambridge University Press}
}
