@incollection{Glasgow1981,
  address                    = {Darwin},
  author                     = {Glasgow, Kathleen B.},
  booktitle                  = {Australian phonologies: Collected papers},
  editor                     = {Bruce Waters},
  pages                      = {63-89},
  publisher                  = {Summer Institute of Linguistics},
  series                     = {Work Papers of the Summer Institute of Linguistics, Australian Aborigines Branch A},
  title                      = {Burarra phonemes},
  volume                     = {5},
  year                       = {1981}
}

@incollection{Glasgow1967,
  address                    = {Canberra},
  author                     = {Glasgow, David I. and Glasgow, Kathleen},
  booktitle                  = {Papers in Australian Linguistics 1},
  journal                    = {Pacific Linguistics A},
  note                       = {In Papers in Australian Linguistics 1, pp.1-14, Pacific Linguistics Series A-10},
  pages                      = {1-14},
  publisher                  = {Pacific Linguistics},
  series                     = {Pacific Linguistics, Series A},
  title                      = {The phonemes of Burera},
  volume                     = {10},
  year                       = {1967}
}

@mastersthesis{Green1987,
  address                    = {Canberra},
  author                     = {Rebecca Green},
  note                       = {Zugl.: Canberra, Univ., B.A. Honours Thesis, 1987},
  pages                      = {105},
  publisher                  = {Australian National Univ.},
  school                     = {Australian National University},
  title                      = {A Sketch Grammar of Burarra},
  type                       = {B.A. Hons Thesis},
  year                       = {1987}
}
