% Encoding: UTF-8

@InCollection{NuyHarvey2003,
  author    = {Harvey, Mark},
  title     = {An initial reconstruction of Proto-Gunwinyguan phonology},
  booktitle = {{The non-Pama-Nyungan languages of northern Australia}: comparative studies of the continent's most linguistically complex region},
  publisher = {Pacific Linguistics},
  year      = {2003},
  editor    = {Evans, Nicholas},
  pages     = {205-268},
}

@Book{NuyHeath1982,
  author    = {Heath, Jeffrey},
  title     = {Nunggubuyu dictionary},
  publisher = {Australian Institute of Aboriginal Studies},
  year      = {1982},
}

@Book{NuyHeath1984,
  author    = {Heath, Jeffrey},
  title     = {Functional grammar of Nunggubuyu},
  publisher = {Australian Institute of Aboriginal Studies},
  year      = {1984},
}

@InCollection{NuyHughes1971,
  author    = {{Hughes, Earl J.} and {Leeding, Velma J.}},
  title     = {The Phonemes of Nunggubuyu},
  booktitle = {Papers on the Languages of Australian Aboriginals},
  publisher = {Australian Institute of Aboriginal Studies},
  year      = {1971},
  pages     = {72-76},
}

@Comment{jabref-meta: databaseType:bibtex;}
