@book{bentley_kulemeka_2001, place={MÃ¼nchen}, title={Chichewa}, publisher={LINCOM Europa}, author={Bentley, Mayrene and Kulemeka, Andrew}, year={2001}} 

@book{downing_mtenje_2017, place={Oxford, United Kingdom}, title={The phonology of Chichewa}, publisher={Oxford University Press}, author={Downing, Laura J. and Mtenje, Alfred James Dailex}, year={2017}}