@Misc{SIL2002,
  title        = {Guhu Samane Organised Phonology Data},
  howpublished = {SIL},
  year         = {2002},
  note         = {Checked by Mumure Ttopaqago},
}

@Book{Richert2002,
  title     = {Noo Supu: A Triglot Dictionary (Guhu-Samane Language)},
  publisher = {Summer Institute of Linguistics},
  year      = {2002},
  author    = {Ernest L. Richert and Ttopoqogo Hoopusu},
}
