@book{elbert1986hawaiian,
  title={Hawaiian Dictionary: Hawaiian-English; English-Hawaiian},
  author={Elbert, Samuel H and P{\=u}kui, Mary Kawena},
  year={1986},
  publisher={University of Hawaii}
}

@article{jones2018hawaiian,
  title={Hawaiian},
  author={Jones, Oiwi Parker},
  journal={Journal of the International Phonetic Association},
  volume={48},
  number={1},
  pages={103--115},
  year={2018},
  publisher={CAMBRIDGE UNIV PRESS EDINBURGH BLDG, SHAFTESBURY RD, CB2 8RU CAMBRIDGE, ENGLAND}
}