@article{Moore1966,
  address    = {Quito},
  author     = {Moore, Bruce R.},
  journal    = {Llacta},
  pages      = {95-221},
  publisher  = {ILV},
  title      = {Diccionario castellano-colorado, colorado-castellano},
  volume     = {22},
  year       = {1966}
}

@Misc{Walls,
  author = {Taylor Walls},
  title  = {Linguistic Analysis of the Ecuadorian Language, Tsafiki},
}

@Book{Adelaar2007,
  title     = {The Languages of the Andes},
  publisher = {Cambridge University Press},
  year      = {2007},
  author    = {Willem F. H. Adelaar and Pieter C. Muysken},
}

@Article{Curnow1998,
  author  = {Timothy Jowan Curnow and Anthony J. Liddicoat},
  title   = {The Barbacoan Languages of Colombia and Ecuador},
  journal = {Anthropological Linguistics},
  year    = {1998},
}

@InBook{Aikhenvald2007,
  chapter   = {Languages of the Pacific Coast of South America},
  pages     = {183-205},
  title     = {The Vanishing Languages of the Pacific Rim},
  publisher = {Oxford University Press},
  year      = {2007},
  author    = {Alexandra Y. Aikhenvald},
  editor    = {Osahito Miyaoka and Osamu Sakiyama and Michael E. Krauss},
}

@Book{Aikhenvald2011,
  title     = {Languages of the Amazon},
  publisher = {Oxford University Press},
  year      = {2011},
  author    = {Alexandra Y. Aikhenvald},
}

@InBook{Dickinson2011,
  chapter   = {Reciprocal constructions in Tsafiki},
  pages     = {277-314},
  title     = {Reciprocals and Semantic Typology},
  publisher = {John Benjamins Publishing Company},
  year      = {2011},
  author    = {Connie Dickinson},
  editor    = {Nicholas Evans and Alice Gaby and Stephen C. Levinson and Asifa Majid},
}

@InBook{Moore1962,
  chapter   = {Correspondences in South Barbacoan Chibcha},
  pages     = {270-289},
  title     = {Studies in Ecuadorian Indian Languages},
  publisher = {Summer Institute of Linguistics},
  year      = {1962},
  author    = {Bruce R. Moore},
  editor    = {Benjamin F. Elson},
}
