@Misc{SIL,
  title        = {Central Buang Organised Phonology Data},
  howpublished = {SIL},
  year         = {2014},
  note         = {Checked by: Bruce Hooley},
}

@misc{Hooley2006,
  author           = {Hooley, Bruce Arthur},
  editor           = {Hooley, Bruce Arthur},
  pages            = {407},
  title            = {Mapos Buang Dictionary},
  year             = {2006}
}
