% Encoding: UTF-8

@InCollection{ZzaPaul2009,
  author    = {Paul, Ludwig},
  title     = {Zazaki},
  booktitle = {The Iranian Languages},
  publisher = {Routledge},
  year      = {2009},
  editor    = {Windfuhr, Gernot},
  pages     = {545-586},
}

@Book{ZzaTodd2002,
  author    = {Todd, Terry Lynn},
  title     = {{A Grammar of Dimili}, Also Known As Zaza},
  publisher = {Iremet FÃ¶rlag},
  year      = {2002},
  note      = {"Second edition (2002) of a text originally written as a dissertation in 1985"},
}

@Comment{jabref-meta: databaseType:bibtex;}
