@book{Keller1997,
  address               = {Tucson, Ariz.},
  author                = {Keller, Kathryn C. and Luciano G., Plácido},
  publisher             = {Tucson, Arizona: SIL},
  series                = {Serie de Vocabularios y Diccionarios Indígenas Mariano Silva y Aceves},
  title                 = {Diccionario Chontal de Tabasco},
  year                  = {1997}
}

@article{Keller1959,
  author     = {Keller, Kathryn C.},
  journal    = {International Journal of American Linguistics},
  number     = {1},
  pages      = {44–53},
  title      = {The Phonemes of Chontal (Mayan)},
  volume     = {25},
  year       = {1959}
}

@MastersThesis{Galvan2013,
  author = {Delgado Galvan, Amanda},
  title  = {Topological Expressions in Yokot'an (chontal de Tabasco), Nacajuca Dialect},
  school = {Leiden University},
  year   = {2013},
}
