@misc{Hepner1989,
  author     = {Hepner, Mark and Carol Hepner},
  title      = {Bargam phonology essentials},
  year       = {1989}
}

@Misc{Hepner1992,
  title        = {Bargam Organised Phonology Data},
  howpublished = {SIL},
  year         = {1992},
  note         = {Checked by Mark Hepner},
}
