% Encoding: UTF-8

@Article{DjrTchekhoff1983,
  author  = {{Tchekhoff, Claude} and {Zorc, R. David}},
  title   = {{Discourse and Djambarrpuyngu}: three features},
  journal = {Linguistics},
  volume  = {21},
  year    = {1983},
  pages   = {849-878},
}

@PHDThesis{DjrWilkinson1991,
  author       = {Wilkinson, Melanie},
  title        = {{Djambarrpyungu}: A Yolngu Variety of Northern Australia},
  school       = {University of Sydney},
  year         = {1991},
}

@Comment{jabref-meta: databaseType:bibtex;}
