
@phdthesis{facundes_language_2000,
	address = {Buffalo, New York},
	title = {The language of the {Apurinã} people of {Brazil} ({Maipure}/{Arawak})},
	school = {University of New York, Buffalo},
	author = {Facundes, Sidney S.},
	year = {2000}
}

@book{104611,
  address    = {London},
  author     = {J. E. R. Polak},
  publisher  = {Kegan Paul, Trench, Trübner & Co.},
  series     = {Vocabulary Publication Fund},
  title      = {A grammar and vocabulary of the Ipuriná language},
  volume     = {1},
  year       = {1894},
}
