
@book{garcia_agustin_2012,
	title = {Diccionario {Tepehua}: {Huehuetla}, {Hidalgo}},
	url = {https://www.sil.org/resources/archives/55676},
	author = {García Agustín, Antonio},
	editor = {Avilés Cortés, Alberto},
	year = {2012}
}

@phdthesis{kung_2007,
	type = {Dissertation},
	title = {A {Descriptive} {Grammar} of {Huehuetla} {Tepehua}},
	school = {University of Texas at Austin},
	author = {Kung, Susan Smythe},
	month = may,
	year = {2007}
}

@mastersthesis{kryder_1987,
	title = {Phonological and morphological sketch of {Tepehua}},
	school = {University of Montana},
	author = {Kryder, Nancy J.},
	year = {1987}
}

@inproceedings{kung_2002,
	address = {Austin},
	title = {Reconstructing {Lost} {Phonemes} in {Huehuetla} {Tepehua} {Using} "{Affectionate} {Speech}"},
	volume = {45},
	publisher = {Texas Linguistic Forum},
	author = {Kung, Susan Smythe},
	year = {2002},
	pages = {167--176}
}
