@misc{briceno2014u,
  title={U nu’ukbesajil u ts’ {\'\i}ibta’al maayat’aan/normas de escritura para la lengua maya},
  author={Brice{\~n}o Chel, Fidencio and Tec, Ger{\'o}nimo Ricardo Can and Ger{\'o}nimo, U},
  year={2014},
  publisher={Instituto Nacional de Lenguas Ind{\'\i}genas M{\'e}xico}
}

@phdthesis{frazier2009production,
  title={The production and perception of pitch and glottalization in Yucatec Maya},
  author={Frazier, Melissa},
  year={2009},
  school={The University of North Carolina at Chapel Hill}
}

@book{bohnemeyer2002grammar,
  title={The grammar of time reference in Yukatek Maya},
  author={Bohnemeyer, J{\"u}rgen},
  year={2002},
  publisher={Lincom}
}