% Encoding: UTF-8

@Misc{BefYoung1961,
  author    = {Young, Robert and Young, Rosemary},
  title     = {{The Phonemes of Bena-Bena}: A Routine Statement},
  publisher = {SIL International},
  year      = {1961},
}

@Misc{BefYoung1975,
  author    = {Young, Robert},
  title     = {Notes on the Dialect Differences of Bena-bena},
  publisher = {SIL International},
  year      = {1975},
}

@Misc{BefYoung1992,
  author    = {Young, Robert},
  title     = {Benabena Organised Phonology Data},
  publisher = {SIL International},
  year      = {1992},
}

@Comment{jabref-meta: databaseType:bibtex;}
