@Article{Fleck2006,
  author    = {David W. Fleck},
  title     = {Body-Part Prefixes in Matses: Derivation or Noun Incorporation?},
  journal   = {International Journal of American Linguistics},
  year      = {2006},
  volume    = {72},
  number    = {1},
  pages     = {59--96},
  month     = {jan},
  doi       = {10.1086/505279},
  publisher = {University of Chicago Press},
}

@InBook{Fleck2010,
  chapter   = {Ergativity in the Mayoruna branch of the Panoan family},
  pages     = {29 - 36},
  title     = {Ergativity in Amazonia},
  publisher = {John Benjamins Publishing Company},
  year      = {2010},
  author    = {David W. Fleck},
  editor    = {Spike Gildea and Francesc Queixal√≥s},
  date      = {2010-05-19},
  ean       = {9789027288509},
  pagetotal = {328},
  url       = {https://www.ebook.de/de/product/24158879/ergativity_in_amazonia.html},
}

@PhdThesis{Fleck2003,
  author = {David W. Fleck},
  title  = {A Grammar of Matses},
  school = {Rice University},
  year   = {2003},
}
