@Misc{Fabian1971,
  author = {Edmund Fabian and Grace Fabian},
  title  = {Nabak Phonemic Statement},
  year   = {1971},
}

@Misc{Fabian1998,
  author = {Edmund Fabian and Grace Fabian},
  title  = {Nabak Organised Phonology Data},
  year   = {1998},
}
