@Book{Kavitskaya2010,
  title     = {Crimean Tatar},
  publisher = {LINCOM Europa},
  year      = {2010},
  author    = {Darya Kavitskaya},
}

@Article{Kavitskaya2004,
  author  = {Darya Kavitskaya},
  title   = {Syncope in Crimean Tatar},
  journal = {MIT Working Papers in Linguistics},
  year    = {2004},
}

@Article{Kavitskaya2014,
  author  = {Darya Kavitskaya},
  title   = {Opacity in Crimean Tatar: The Interaction of Vowel Harmony and Syncope},
  conference = {Linguistic Society of America},
  year    = {2014},
}

@Article{McCollum2018,
  author  = {Adam McCollum and Darya Kavitskaya},
  title   = {Non-iterative Vowel Harmony in Crimean Tatar},
  conference = {Proceedings of the 35th West Coast Conference on Formal Linguistics},
  year    = {2018},
}

@Book{Berta1998,
  title     = {The Turkic Languages},
  chapter   = {West Kipchak Languages},
  publisher = {Routledge},
  year      = {1998},
  author    = {Arpad Berta},
  edited    = {Lars Johanson and Eva Agnes Csato},
}

@Article{Tyers2019,
  author  = {Francis Tyers and Jonathan North Washington and Darya Kavitskaya and Memdu Gokirmak and Nick Howell and Remziye Berberova},
  title   = {A biscriptual morphological transducer for Crimean Tatar},
  conference = {Proceedings of the 3rd Workshop on Computational Methods for Endangered Languages Papers},
  year    = {2019},
}
