% Encoding: UTF-8

@InCollection{TzoAvelino2011,
  author    = {Avelino, Heriberto, and Shin, Eurie, and Tilsen, Sam},
  title     = {The Phonetics of Laryngealization in Yucatec Maya},
  booktitle = {New Perspectives in Mayan Linguistics},
  publisher = {Cambridge Scholars Publishing},
  year      = {2011},
  editor    = {Avelino, Heriberto},
  pages     = {1-20},
}

@Book{TzoCowan1969,
  author    = {Cowan, Marion M.},
  title     = {Tzotzil Grammar},
  publisher = {Summer Institute of Linguistics},
  year      = {1969},
}

@Article{TzoJacobs1967,
  author  = {{Jacobs, Kenneth} and {Longacre, Robert E.}},
  title   = {Patterns and Rules in Tzotzil Grammar},
  journal = {Foundations of Language},
  volume  = {3},
  year    = {1967},
  pages   = {325-389},
}

@Book{TzoLaughlin1975,
  author    = {Laughlin, Robert M.},
  title     = {Great Tzotzil Dictionary of San Lorenzo Zinacant√°n},
  publisher = {Smithsonian Insitution Press},
  year      = {1975},
}

@Comment{jabref-meta: databaseType:bibtex;}
