
@article{Callister_1993,
	title = {Misiman Phonology},
	journal = {Data Papers on Papua New Guinea Languages},
	author = {Callister, William},
	year = {1993}
}

@manuscript{SIL_Misima,
	title = {Misima Organised Phonology Data},
	howpublished = {SIL Pacific}
}
