
@InBook{Klumpp1985,
  chapter   = {Piapoco: The Phonological Word},
  pages     = {19-29},
  title     = {From phonology to discourse: studies in six Colombian languages},
  publisher = {Summer Institute of Linguistics},
  year      = {1985},
  author    = {Deloris Klumpp},
  editor    = {Ruth Margaret Brend},
}

@Book{Klumpp2019,
  title     = {A Grammar of Piapoco},
  publisher = {SIL International},
  year      = {2019},
  author    = {Deloris Klumpp},
  editor    = {Barbara E. Hollenbach},
}

@Book{Klumpp1995,
  title     = {Vocabulario Piapoco-Español},
  publisher = {Accociación Instituto Linguistico de Verano},
  year      = {1995},
  author    = {Deloris Klumpp},
}
