@book{Koehn1995,
  author                = {Koehn, Edward H. and Koehn, Sally S.},
  publisher             = {Sociedade Internacional de Lingüística},
  title                 = {Vocabulário básico Apalaí-Português: Dicionário da língua Apalaí},
  year                  = {1995}
}

@InCollection{Koehn1971,
  author    = {Koehn, Edward and Sally Koehn},
  title     = {Fonologia da Lı́ngua Apalai},
  booktitle = {Estudos Sôbre Lı́nguas E Culturas Indı́genas},
  publisher = {Instituto Lingüı́stico de Verão},
  year      = {1971},
}
