@book{Ayres1991,
  address    = {La Antigua Guatemala, Guatemala},
  author     = {Glenn Ayres},
  pages      = {xiv+224},
  publisher  = {Centro de Investigaciones Regionales de Mesoamérica},
  title      = {La Gramática Ixil},
  year       = {1991}
}

@PhdThesis{Adell2019,
  author = {Adell, Eric},
  title  = {The phonetics, phonology, and morphology of Chajul Ixil (Mayan)},
  school = {The University of Texas at Austin},
  year   = {2019},
}

@phdthesis{Adell2016,
author = {Adell, Eric},
year = {2016},
month = {05},
pages = {},
title = {Coronal Contrasts in Chajul Ixil and the Development of the Mamean Languages}
}
