% Encoding: UTF-8
@article{Zimmer1992,
  title={Turkish},
  author={Zimmer, Karl and Orgun, Orhan},
  journal={Journal of the International Phonetic Association},
  volume={22},
  number={1-2},
  pages={43--45},
  year={1992},
  publisher={Cambridge University Press}
}

@book{Lees1961,
  title={The phonology of modern standard Turkish},
  author={Lees, Robert B},
  volume={6},
  year={1961},
  publisher={Indiana University}
}

@book{Lewis1967,
  title={Turkish grammar},
  author={Lewis, Geoffrey L},
  year={1967},
  publisher={Clarendon Press Oxford}
}

@Book{Gurevich2004,
  title     = {Lenition and Contrast: The Functional Consequences of Certain Phonetically Conditioned Sound Changes},
  publisher = {Routledge},
  year      = {2004},
  author    = {Naomi Gurevich},
}

@Book{Goeksel2005,
  title     = {Turkish: A Comprehensive Grammar},
  publisher = {Routledge},
  year      = {2005},
  author    = {Aslı Göksel and Celia Kerslake},
}

@Book{Yavuz2011,
  title     = {Turkish Phonology and Morphology},
  publisher = {Anadolu University},
  year      = {2011},
  author    = {Handan Yavuz and Ayla Balci},
  editor    = {Zülal Balpinar},
}

@INPROCEEDINGS{Hulst1991,
    author = {Harry Van Der Hulst and Jeroen Van De Weijer},
    title = {Topics in Turkish phonology},
    booktitle = {In Turkish linguistics today, ed. Hendrick Boeschoten and Ludo Verhoeven},
    year = {1991},
    pages = {11--59},
    publisher = {Brill}
}

@Comment{jabref-meta: databaseType:bibtex;}
