@book{Stegeman2014,
  author     = {Ray Stegeman and Rita Hunter},
  pages      = {207},
  publisher  = {SIL International},
  title      = {Akawaio-English Dictionary},
  year       = {2014}
}

@article{Edwards1978,
  address    = {Bloomington},
  author     = {Walter F. Edwards},
  journal    = {Anthropological Linguistics},
  number     = {2},
  pages      = {77-84},
  title      = {Some synchronic and diachronic aspects of Akawaio phonology},
  volume     = {20},
  year       = {1978}
}

@article{Edwards1078_sketch,
  author = {Edwards, Walter F.},
  title = {A Preliminary Sketch of Arekuna (Carib) Phonology},
  journal = {International Journal of American Linguistics},
  volume = {44},
  number = {3},
  pages = {223-227},
  year = {1978}
}

@InBook{Gildea2012,
  chapter   = {Linguistic studies in the Cariban family},
  pages     = {441-494},
  title     = {The Indigenous Languages of South America: A Comprehensive Guide (The World of Linguistics)},
  publisher = {Mouton De Gruyter},
  year      = {2012},
  author    = {Spike Gildea},
  editor    = {Lyle Campbell and Ver√≥nica Grondona},
  isbn      = {978-3-11-025513-3},
  url       = {https://www.amazon.com/Indigenous-Languages-South-America-Comprehensive/dp/3110255138?SubscriptionId=AKIAIOBINVZYXZQZ2U3A&tag=chimbori05-20&linkCode=xm2&camp=2025&creative=165953&creativeASIN=3110255138},
}
