
@incollection{surralles_2007,
	address = {Lima, Panama \& Washington},
	title = {Los {Candoshi}},
	volume = {VI},
	booktitle = {Guía etnográfica de la {Alta} amazonia},
	publisher = {Smithsonian Tropical Research Institute et Lima: Institut français d’études andines},
	author = {Surrallés, Alexandre},
	year = {2007}
}

@book{tuggy_1966,
	address = {Yarinacocha},
	series = {Serie {Lingüística} {Peruana}},
	title = {Vocabulario {Candoshi} de {Loreto}},
	number = {2},
	publisher = {Instituto Lingüístico de Verano},
	author = {Tuggy, John},
	year = {1966}
}

@Misc{Michael2015,
  author       = {Michael, Lev and Stark, Tammy and Clem, Emily and Chang, Will},
  title        = {Phonological inventory of Candoshi-Shapra},
  howpublished = {South American Phonological Inventory Database v1.1.5},
  year         = {2015},
  note         = {Survey of California and Other Indian Languages Digital Resource. Berkeley: University of California},
}
