
@article{mott_chistabino_2007,
	title = {Chistabino ({Pyrenean} {Aragonese})},
	volume = {37},
	url = {www.jstor.org/stable/44526451.},
	number = {1},
	journal = {Journal of the International Phonetic Association},
	author = {Mott, Brian},
	year = {2007},
	pages = {103--114}
}

@incollection{agard_place_1990,
	title = {The {Place} of {Aragonese} and {Asturo}-{Leonese} in {Iberian} {Romance}},
	volume = {18},
	url = {https://www.jstor.org/stable/j.ctv47w9zk.7},
	booktitle = {Homenaje a {Jorge} {A}. {Suárez}: {Lingüística} {Indoamericana} e {Hispánica}},
	publisher = {Colegio De Mexico},
	author = {Agard, Frederick B.},
	editor = {Garza Cuarón, Beatriz and Levy, Paulette},
	year = {1990},
	pages = {69--84}
}

@misc{noauthor_lengua_2013,
	title = {{LENGUA} {ARAGONESA}},
	url = {http://www.proel.org/index.php?pagina=lenguas/aragones},
	journal = {PROEL},
	year = {2013}
}

@misc{belmar_viernes_aragonese_2016,
	address = {University of Alaska Fairbanks},
	title = {Aragonese {Orthography}: {Does} a {Spanish}-based orthography work?},
	url = {https://www.academia.edu/34948341/Aragonese_Orthography_Does_a_Spanish-based_system_work},
	author = {Belmar Viernes, Guillem},
	year = {2016}
}

@book{sanchez_pitarch_propuesta_2010,
	title = {Propuesta {Ortografica} de l'{Academia} de l'{Aragonés}},
	publisher = {l'Academia de l'Aragonés},
	author = {Sánchez Pitarch, Fernando},
	year = {2010}
}

@Book{Ledgeway2016,
  title     = {The Oxford Guide to the Romance Languages},
  publisher = {OUP Oxford},
  year      = {2016},
  author    = {Ledgeway, Adam},
  isbn      = {0199677107},
  date      = {2016-06-30},
  ean       = {9780199677108},
  pagetotal = {1248},
  url       = {https://www.ebook.de/de/product/28784977/adam_ledgeway_the_oxford_guide_to_the_romance_languages.html},
}

@book{Aragonesa2017,
  address    = {Zaragoza},
  author     = {{Estudio de Filología Aragonesa}},
  pages      = {376},
  publisher  = {Edicions Dichitals de l'Academia de l'Aragonés},
  title      = {Gramatica Basica de l'Aragonés (Texto Provisional)},
  url        = {http://www.academiadelaragones.org/GBA.pdf},
  year       = {2017},
}
