
@article{tarasova_translation_2013,
	title = {Translation of the {Sakha} ({Yakut}) {Culture}-{Specific} {Vocabulary} into {English}},
	volume = {6},
	number = {5},
	journal = {Journal of Siberian Federal University. Humanities \& Social Sciences},
	author = {Tarasova, Zoya E.},
	year = {2013},
	pages = {748--753}
}

@misc{tolkov_phonetics_2011,
	title = {Phonetics of {Sakha}},
	author = {Tolkov, Igor},
	month = jul,
	year = {2011}
}
