@InCollection{Waller1976,
  author    = {Waller, John and Andreana de Waller},
  title     = {Fonología del guayabero},
  booktitle = {Sistemas fonológicos de idiomas colombianos},
  publisher = {ILV/MG},
  year      = {1976},
  editor    = {V. G. Waterhourse},
  volume    = {3},
  pages     = {45-56},
  address   = {Bogotá},
}

@InCollection{Keels1985,
  author    = {Keels, Jack},
  title     = {Guayabero: Phonology and morphophonemics},
  booktitle = {From phonology to discourse: Studies in six Colombian languages},
  publisher = {Summer Institute of Linguistics},
  year      = {1985},
  editor    = {Ruth M. Brend},
  volume    = {9},
  pages     = {57-87},
  address   = {Dallas},
}
