% Encoding: UTF-8

@Book{HyDumTragut2009,
  author    = {Dum-Tragut, Jasmine},
  title     = {Armenian: Modern Eastern Armenian},
  publisher = {John Benjamins Publishing Company},
  year      = {2009},
}

@Book{HyKozintseva1995,
  author    = {Kozintseva, Natalia},
  title     = {Modern Eastern Armenian},
  publisher = {Lincom Europa},
  year      = {1995},
}

@Book{HySakayan2007,
  author    = {Sakayan, Dora},
  title     = {{Eastern Armenian for the English-Speaking World}: A Contrastive Approach},
  publisher = {Yerevan State University Press},
  year      = {2007},
}

@Comment{jabref-meta: databaseType:bibtex;}
