@book{vandenBerg1989,
  address               = {Dordrecht},
  author                = {Ren√© van den Berg},
  pages                 = {xvi+376},
  publisher             = {Foris},
  series                = {Verhandelingen van het Koninklijk Instituut voor Taal-, Land- en Volkenkunde},
  title                 = {A Grammar of the Muna Language},
  volume                = {139},
  year                  = {1989}
}

@Article{Blevins2004,
  author    = {Juliette Blevins},
  title     = {The Mystery of Austronesian Final Consonant Loss},
  journal   = {Oceanic Linguistics},
  year      = {2004},
  volume    = {43},
  number    = {1},
  pages     = {208--213},
  doi       = {10.1353/ol.2004.0003},
  publisher = {Project Muse},
}
