
@incollection{kahn_phonology_2015,
	title = {Phonology},
	url = {https://www.jstor.org/stable/10.1163/j.ctt1w76v6w.5},
	booktitle = {A {Grammar} of the {Eastern} {European} {Hasidic} {Hebrew} {Tale}},
	author = {Kahn, Lily},
	year = {2015},
	pages = {11--13}
}

@article{wetzels_typology_2001,
	title = {The {Typology} of {Voicing} and {Devoicing}},
	volume = {77},
	number = {2},
	journal = {Language},
	author = {Wetzels, W. Leo and Mascar√≥, Joan},
	year = {2001},
	pages = {207--244}
}

@article{kleine_illustrations_2003,
	title = {Illustrations of the {IPA}: {Standard} {Yiddish}},
	volume = {33},
	url = {https://www.jstor.org/stable/44526933},
	number = {2},
	journal = {Journal of the International Phonetic Association},
	author = {Kleine, Ane},
	year = {2003},
	pages = {261--265}
}

@incollection{kahn_orthography_2015,
	title = {Orthography},
	url = {https://www.jstor.org/stable/10.1163/j.ctt1w76v6w.6},
	booktitle = {A {Grammar} of the {Eastern} {European} {Hasidic} {Hebrew} {Tale}},
	author = {Kahn, Lily},
	year = {2015}
}

@misc{noauthor_yiddish_2019,
	title = {Yiddish {Aelf}-{Beys} ({Alphabet})},
	url = {https://www.yivo.org/Yiddish-Alphabet},
	journal = {YIVO Institute for Jewish Research},
	year = {2019}
}

@article{weinberg_ambiguities_1995,
	title = {Ambiguities in the {Romanization} of {Yiddish}},
	volume = {9},
	url = {https://ajlpublishing.org/cgi/viewcontent.cgi?referer=https://www.google.com/&httpsredir=1&article=1185&context=jl},
	number = {1-2},
	journal = {Judaica Librarianship},
	author = {Weinberg, Bella Hass},
	year = {1995},
	pages = {58--74}
}