@book{Reid1974,
  address               = {México, D.F.},
  author                = {Reid, Aileen A. and Bishop, Ruth G.},
  note                  = {Includes bibliographical references (p. 417-[418])..},
  pages                 = {xiii+418},
  publisher             = {Mexico: Instituto Lingüístico de Verano},
  series                = {Serie de vocabularios y diccionarios indígenas "Mariano Silva y Aceves"},
  title                 = {Diccionario totonaco de Xicotepec de Juárez, Puebla: Totonaco-castellano, castellano-totonaco},
  volume                = {17},
  year                  = {1974}
}

@book{Reid1991,
  address    = {Mexico City},
  author     = {Reid, Aileen A.},
  pages      = {xiv+120},
  publisher  = {México: Instituto Lingüístico de Verano},
  series     = {Gramáticas de Lenguas Indígenas de México},
  title      = {Gramática totonaca de Xicotepec de Juárez, Puebla},
  volume     = {8},
  year       = {1991}
}

@Article{MacKay1994,
  author  = {Carolyn J. MacKay},
  title   = {A Sketch of Misantla Totonac Phonology},
  journal = {International Journal of American Linguistics},
  year    = {1994},
}
