% Encoding: UTF-8

@InBook{Comrie_hu,
  chapter   = {28},
  pages     = {484-496},
  title     = {Hungarian},
  publisher = {Routledge},
  year      = {2008},
  author    = {Abondolo, Daniel},
  editor    = {Comrie, Bernard},
  booktitle = {The World's Major Languages},
}

@InBook{Comrie_uralic,
  chapter   = {27},
  pages     = {477-483},
  title     = {Uralic languages},
  publisher = {Routledge},
  year      = {2008},
  author    = {Austerlitz, R},
  editor    = {Comrie, Bernard},
  booktitle = {The World's Major Languages},
}

@Book{Siptar2000,
  title     = {The Phonology of Hungarian},
  publisher = {Oxford University Press},
  year      = {2000},
  author    = {Siptár, Péter and Törkenczy, Miklós},
}

@Article{Szende1994,
  author  = {Szende, Tamás},
  title   = {Hungarian},
  journal = {Journal of the International Phonetic Association},
  year    = {1994},
  volume  = {24},
  number  = {2},
  pages   = {91-94},
  month   = dec,
}

@Book{Rounds2001,
  title     = {Hungarian: An Essential Grammar},
  publisher = {Taylor \& Francis Ltd},
  year      = {2001},
  author    = {Rounds, Carol H.},
  isbn      = {0415226112},
  date      = {2001-07-12},
  ean       = {9780415226110},
  pagetotal = {336},
  url       = {https://www.ebook.de/de/product/37209668/carol_h_rounds_hungarian_an_essential_grammar.html},
}

@InBook{Korompay2012,
  chapter   = {Hungarian: 16th-century Hungarian orthography},
  title     = {Orthographies in Early Modern Europe},
  publisher = {{DE} {GRUYTER}},
  year      = {2012},
  author    = {Klára Korompay},
  editor    = {Susan Baddeley and Anja Voeste},
  month     = {jan},
  doi       = {10.1515/9783110288179},
}

@Article{Bauer1988,
  author  = {Laurie Bauer},
  title   = {What is lenition?},
  journal = {Journal of Linguistics},
  year    = {1988},
}

@Misc{Magyar2015,
  author = {Lilla Magyar},
  title  = {Are Universal Markedness Hierarchies Learnable from the Lexicon? The Case of Gemination in Hungarian},
  year   = {2015},
}

@Comment{jabref-meta: databaseType:bibtex;}
