@Book{Berghaell2015,
  title     = {A grammar of Mauwake},
  publisher = {Language Science Press},
  year      = {2015},
  author    = {Liisa Bergh√§ll},
}
