
@phdthesis{melnychuk_diminutive_2004,
	address = {Ottawa},
	title = {Diminutive consonant harmony in several dialects of {Cree}.},
	language = {English},
	school = {National Library of Canada = Biblioth√®que nationale du Canada},
	author = {Melnychuk, Teresa D},
	year = {2004},
	note = {OCLC: 54905983}
}

@Misc{gaudry2005,
  author = {gaudry},
  title  = {The Syllabary - Cree Writing},
  month  = mar,
  year   = {2005},
}

@Misc{syllabics,
  title = {Unified Canadian Aboriginal Syllabics},
}

@Book{Ellis2000,
  title     = {Spoken Cree, Level I},
  publisher = {University of Alberta Press},
  year      = {2000},
  author    = {Ellis, C. Douglas},
  isbn      = {0888643470},
  date      = {2000-12-01},
  ean       = {9780888643476},
  pagetotal = {572},
  url       = {https://www.ebook.de/de/product/3400297/c_douglas_ellis_spoken_cree_level_i.html},
}
