@InBook{Riese1998,
  chapter   = {Permian},
  pages     = {249-275},
  title     = {The Uralic Languages},
  publisher = {Routledge},
  year      = {1998},
  author    = {Riese, Timothy},
  editor    = {Abondolo, Daniel},
}

@InBook{Hausenberg1998,
  chapter   = {Komi},
  pages     = {305-326},
  title     = {The Uralic Languages},
  publisher = {Routledge},
  year      = {1998},
  author    = {Hausenberg, Anu-Reet},
  editor    = {Abondolo, Daniel},
}

@InProceedings{Kochetov2003,
  author    = {Kochetov, Alexei and Lobanova, Alevtina},
  title     = {Place and Manner Contrasts in Komi-Permyak Obstruents: An Acoustic Study},
  booktitle = {Proceedings of the 15th International Congress of Phonetic Sciences},
  year      = {2003},
}

@Article{Kochetov2007,
  author    = {Alexei Kochetov and Alevtina Lobanova},
  title     = {Komi-Permyak coronal obstruents: acoustic contrasts and positional variation},
  journal   = {Journal of the International Phonetic Association},
  year      = {2007},
  volume    = {37},
  number    = {01},
  pages     = {51},
  month     = {apr},
  doi       = {10.1017/s0025100306002805},
  publisher = {Cambridge University Press ({CUP})},
}

@book{Punegova2018,
	title = {Komi Yazyk: Uchebnik dlya SPO},
	author = {Punegova, Galina Vasil'evna},
	year = {2018},
	publisher = {Izdatel'stvo Yurait},
	pages = {1--36}
}

@book{Tsyponov2015,
	title = {Bidza Olan, Komi Kyv!: Uchebnik Komi Yazyka dlya Vzroslykh},
	author = {Tsyponov, E.A.},
	year = {2015},
	publisher = {Izdatel'stvo Kola},
	pages = {1--351}
}
