% Encoding: UTF-8

@MastersThesis{BoaRoe2014,
  title     = {The Phonetics and Phonology of Bora Tone},
  author    = {Roe, Amy},
  school    = {University of North Dakota},
  year      = {2014},
}

@Book{BoaThiesen1998,
  author    = {{Thiesen, Wesley} and {Thiesen, Eva}},
  title     = {Diccionario: Bora-Castellano, Castellano-Bora},
  publisher = {Instituto Ling√ºistico de Verano},
  year      = {1998},
}

@Book{BoaThiesen2012,
  author    = {{Thiesen, Wesley} and {Weber, David}},
  title     = {A Grammar of Bora with Special Attention to Tone},
  publisher = {SIL International},
  year      = {2012},
}

@Comment{jabref-meta: databaseType:bibtex;}
